2690 4178
379 342 446 392 42

814 477 1594 555 {OBSERUATIONES
1620 479 1857 538 ANNI
1894 475 2092 554 15761.

1160 568 1269 610 DIE
1287 567 1345 609 22
1365 566 1703 616 FEBRUARIJ
1714 568 1742 608 ¹.

436 628 685 670 Existente
706 629 757 669 in
771 628 943 670 medio
959 627 1076 669 coeli
1096 627 1277 669 vltima
1290 625 1341 666 in
1359 624 1527 678 capite
1543 624 1743 676 Hydrae
1757 635 1875 677 quae
1893 625 1962 667 est
1976 625 2151 668 versus
2166 628 2339 668 ortum
2352 629 2403 669 et
2422 627 2528 670 tola

378 685 521 727 iuxta
542 687 736 728 collum
757 685 1044 739 apparebat
1063 684 1267 726 visibilis
1287 680 1578 725 coniuncstio
1605 686 1632 732 ε(
1657 685 1708 724 et
1725 682 1772 736 ἅ
1791 682 2080 725 admodum
2099 682 2295 736 partilis
2321 684 2454 726 adeo
2473 687 2530 727 vt

388 748 415 793 ιζ
436 743 665 786 inferiori
684 747 735 786 et
755 742 1158 786 meridionaliori
1177 753 1340 784 cornu
1361 740 1468 783 fere
1489 739 1761 794 attingeret
1780 751 1970 794 corpus
1988 742 2035 796 d*
2054 741 2243 784 distans
2263 741 2439 784 saltem
2461 742 2528 785 ab

379 812 441 844 eo
468 804 615 854 parte
643 802 783 844 sexta
810 801 879 843 fui
903 800 1159 851 diametri,
1182 798 1487 852 accipiendo
1514 797 1805 840 distantiam
1830 797 1968 841 hanc
1995 798 2060 841 ab
2084 798 2340 842 inferioris
2365 810 2529 842 cornu

377 859 554 901 limbo.
570 861 690 901 Erat
710 862 886 902 autem
907 859 1047 901 circa
1067 858 1204 900 idem
1217 860 1423 910 tempus
1436 867 1530 909 per
1546 855 1963 899 obseruationem
1983 856 2199 900 altitudo
2214 857 2529 900 lucidissimae

377 917 428 958 in
447 918 579 970 pede
600 917 804 960 Orionis
827 917 874 958 11
900 917 1055 958 Grad.
1078 927 1200 958 cum
1219 915 1255 961 ἐς.
1279 914 1494 956 Infimus
1520 924 1646 956 vero
1670 918 1698 964 (ζ
1718 913 1908 957 limbus
1933 914 2074 957 circa
2095 926 2252 968 quem
2270 916 2318 970 <3¹
2336 915 2529 969 conspi-

379 975 614 1018 ciebatur
633 974 825 1017 eleuari
844 974 978 1016 visus
998 973 1067 1016 est
1091 973 1181 1023 1052,
1203 973 1335 1015 hora
1355 974 1467 1015 erat
1485 975 1608 1014 tunc
1629 970 1694 1016 93,

436 1033 738 1075 Obseruatio
759 1033 875 1075 haec
896 1030 1034 1074 facsta
1054 1031 1123 1074 est
1144 1030 1361 1073 Huenae.

1108 1124 1217 1166 1576
1237 1123 1347 1165 DIE
1366 1122 1423 1164 22
1443 1122 1796 1165 OCTOBR1S2.

437 1183 582 1225 Hora
603 1183 808 1225 circiter
826 1182 853 1224 9
873 1182 981 1236 post
1006 1181 1277 1224 meridiem
1297 1180 1402 1223 vidi
1421 1180 1563 1233 quod
1586 1181 1633 1235 ὅ
1658 1181 1947 1224 admodum
1973 1182 2295 1235 propinquus
2320 1182 2439 1225 esset
2459 1182 2529 1225 fu-

377 1253 575 1294 premae
589 1241 743 1283 stellae
763 1241 814 1282 in
835 1241 1005 1283 cauda
1025 1239 1317 1293 capricorni
1335 1238 1473 1295 (quae
1487 1238 1557 1281 est
1570 1238 1752 1281 vltima
1771 1238 1902 1281 inter
1915 1238 2046 1282 duas
2064 1239 2241 1282 versus
2260 1239 2531 1295 orientem)

378 1311 496 1351 quae
517 1299 747 1341 maxime
766 1299 835 1341 est
856 1297 1282 1351 septentrionalis:
1307 1296 1525 1339 distabat
1546 1299 1724 1339 autem
1745 1297 1810 1340 ab
1832 1307 1894 1339 ea
1914 1296 1966 1339 in
1985 1296 2120 1340 linea
2140 1309 2258 1351 quae
2279 1298 2347 1340 ad
2365 1297 2529 1340 visum

377 1357 696 1399 ducebatur·
684 1368 735 1398 in
748 1356 974 1398 Vulturis
994 1355 1217 1398 volantis
1236 1354 1542 1398 lucidiorem
1569 1355 1636 1397 ad
1657 1354 1916 1397 summum
1938 1355 2006 1398 ad
2025 1356 2366 1408 quantitatem
2390 1355 2531 1399 remi-

377 1414 618 1457 diametri
639 1420 696 1465 ((‚
716 1415 767 1456 15
788 1414 856 1456 Μ.
874 1414 941 1456 ad
962 1414 1222 1456 summum
1242 1413 1397 1466 idque
1416 1412 1593 1455 versus
1613 1413 1846 1456 boream.

436 1472 572 1515 Nota
599 1473 734 1515 hanc
761 1472 1192 1515 obseruationem.
1217 1471 1352 1513 Nam
1378 1474 1430 1513 et
1456 1471 1678 1513 Gemma
1704 1471 1885 1513 Frifius
1910 1471 1962 1513 in
1987 1455 2176 1514 eodem
2201 1471 2310 1515 fere
2335 1472 2454 1515 loco
2478 1473 2526 1527 (3⁸

377 1531 502 1572 olim
523 1530 829 1573 Obseruauit.

435 1588 585 1631 Nota.
602 1589 738 1642 Ego
725 1601 777 1630 1n
790 1589 943 1642 globo
964 1587 1250 1641 periculum
1264 1586 1377 1629 fieri
1397 1586 1580 1629 curaui
1600 1590 1650 1629 et
1668 1587 1842 1630 inueni
1855 1587 1922 1629 ad
1943 1587 2359 1631 obseruationem
2379 1587 2531 1631 huius

376 1645 472 1699 diej
495 1647 671 1689 locum
686 1647 867 1688 Martis
886 1646 938 1687 in
956 1647 1026 1691 17}
1044 1655 1100 1692 m
1120 1657 1243 1688 cum
1264 1646 1349 1687 lat.
1365 1645 1523 1698 2.12¹”,
1547 1645 1615 1688 ad
1635 1645 1934 1699 sequentem
1955 1645 2093 1688 diem
2111 1646 2164 1688 in
2187 1645 2314 1689 l7.55
2328 1655 2384 1693 m
2403 1645 2528 1688 latit.

374 1703 424 1744 2⁰
439 1703 481 1745 8⁴
503 1704 806 1747 meridiana.
830 1704 930 1747 Sed
949 1707 1097 1757 potes
1117 1703 1379 1758 praecifius
1398 1703 1591 1747 videre.

1180 1807 1503 1859 SEQUENTI
1524 1808 1635 1850 DIE
1653 1808 1725 1851 23.

434 1866 580 1909 Hora
594 1866 621 1908 8
640 1879 688 1920 p.
704 1879 773 1909 m.
797 1866 1069 1910 obseruaui
1087 1867 1260 1909 rursus
1284 1867 1331 1921 <3³
1355 1869 1406 1909 et
1425 1869 1538 1909 erat
1555 1865 1937 1921 praetergressus
1962 1867 2186 1909 eandem
2207 1866 2403 1909 stellam
2421 1877 2532 1909 ver-

376 1924 456 1966 sus
477 1927 665 1975 ortum,
689 1926 821 1968 adeo
842 1928 897 1967 vt
923 1925 1058 1967 linea
1078 1937 1108 1967 a
1129 1924 1268 1967 stella
1289 1923 1443 1967 dudia
1463 1936 1556 1978 per
1573 1926 1620 1979 <3¹
1639 1924 1851 1967 caderet
1875 1924 1928 1966 in
1949 1924 2168 1968 Humeri
2193 1924 2389 1979 aquarij
2411 1924 2532 1967 luci-

375 1982 574 2024 diorem
590 1994 707 2035 quae
728 1983 796 2025 est
810 1984 985 2025 versus
1004 1995 1191 2025 urnam
1210 1982 1327 2025 etin
1342 1995 1444 2036 qua
1464 1995 1624 2025 manu
1642 1983 1801 2026 habet
1818 1985 1924 2026 tres
1943 1983 2056 2025 illas
2075 1983 2142 2025 ad
2155 1983 2374 2026 modum
2394 1994 2532 2026 cere-

375 2040 506 2082 belli.
531 2040 777 2083 Distantia
797 2053 922 2084 vero
942 2043 988 2096 d*
1009 2053 1039 2083 a
1060 2040 1309 2095 praedic’ta
1324 2041 1465 2084 stella
1484 2041 1759 2084 videbatur
1777 2041 1934 2095 paulo
1956 2041 2127 2084 maior
2145 2041 2304 2095 priori
2322 2040 2380 2083 20
2395 2040 2532 2083 vide-

374 2098 492 2140 licet
512 2098 831 2141 minutorum
853 2100 920 2141 ad
939 2100 1119 2150 visum,
1141 2099 1296 2153 idque
1315 2099 1491 2142 versus
1511 2099 1731 2142 boream
1754 2102 1811 2142 vt
1831 2099 1934 2154 sup.
1955 2099 2049 2142 Per
2071 2099 2278 2142 radium
2297 2110 2424 2142 vero
2444 2098 2532 2142 ob-

374 2156 677 2199 seruabatur
701 2157 937 2200 distantia
963 2157 1071 2200 fere
1097 2157 1290 2213 dimidij
1322 2158 1512 2212 gradus
1537 2161 1593 2200 vt
1617 2160 1853 2211 aequaret
1878 2157 2194 2201 diametrum
2222 2162 2251 2208 (ζ
2269 2189 2280 2208 ,
2308 2157 2375 2200 ad
2403 2157 2531 2200 sum-

374 2226 522 2256 mum
540 2214 596 2257 35
620 2215 688 2258 M.

1169 2262 1280 2304 DIE
1302 2262 1355 2304 14
1375 2262 1739 2304 DECEMBRIS

375 2319 460 2371 qui
474 2319 601 2360 mihi
614 2319 683 2362 est
698 2321 884 2363 natalis
899 2320 998 2363 feci
1012 2321 1239 2374 primam
1260 2320 1677 2363 obseruationem
1699 2321 1767 2363 ad
1781 2321 1955 2363 Solem
1971 2319 2191 2363 Hwenae
2211 2320 2352 2363 circa
2364 2319 2530 2374 ipsum

375 2376 651 2419 Solstitium
664 2378 960 2431 hybernum
980 2382 1030 2420 et
1049 2378 1223 2421 inueni
1243 2378 1565 2422 altitudinem
1580 2384 1624 2429 Q
1639 2378 1987 2422 meridianam
2007 2378 2283 2421 minimam
2298 2389 2416 2432 quae
2429 2377 2529 2421 illic

376 2434 486 2476 fieri
508 2435 670 2487 potest
689 2436 915 2489 partium
934 2436 986 2478 10
1007 2436 1076 2478 M.
1092 2436 1164 2479 43.

433 2492 563 2534 Cum
589 2497 764 2536 autem
786 2495 1062 2537 declinatio
1081 2500 1125 2544 Q
1146 2494 1325 2537 existat
1349 2494 1585 2537 maxima
1603 2495 1659 2537 23
1690 2495 1763 2546 28,
1785 2506 1848 2538 ea
1876 2494 2052 2539 addita
2077 2494 2238 2548 priori
2261 2493 2528 2544 altitudini,

374 2551 614 2604 relinquit
634 2552 954 2595 altitudinem
974 2553 1256 2606 aequatoris
1275 2552 1360 2595 34g
1376 2553 1483 2604 11⁰³,
1499 2553 1616 2595 haec
1638 2553 1815 2596 ablata
1835 2565 1866 2595 a
1886 2553 2174 2607 quadrante
2195 2551 2409 2595 ostendit
2426 2551 2531 2606 poli

376 2608 697 2652 altitudinem
713 2610 809 2653 esse
821 2610 1003 2661 55949‘,
1020 2611 1160 2663 quod
1177 2614 1289 2653 erat
1304 2611 1662 2663 quaerendum.
1678 2611 1940 2654 Paralaxis
1952 2614 2131 2654 tamen
2150 2616 2195 2661 Q
2215 2610 2391 2653 ablata
2410 2621 2531 2653 eam

375 2667 578 2709 duobus
593 2668 802 2711 minutis
819 2668 1077 2711 minorem
1098 2668 1272 2711 efficit.
1289 2669 1356 2711 Vt
1368 2668 1630 2711 Paralaxis
1650 2674 1694 2719 Q
1715 2668 1784 2711 est
1796 2669 1823 2712 3
1840 2669 1909 2711 M.
1923 2669 2062 2712 vnde
2081 2669 2297 2712 altitudo
2318 2668 2428 2711 eius
2443 2667 2532 2710 fal-

374 2727 481 2767 tem
506 2725 558 2767 10
588 2725 661 2776 40,
684 2727 768 2768 alt.
791 2727 895 2780 poli
914 2727 970 2768 55
1002 2726 1058 2768 52
1080 2726 1296 2769 Hvenae.

1169 2819 1279 2861 DIE
1303 2819 1355 2861 15
1375 2819 1738 2862 DECEMBRIS

375 2875 647 2919 obseruaui
666 2888 759 2930 per
778 2877 918 2919 aliud
937 2877 1330 2920 instrumentum
1351 2877 1675 2920 altitudinem
1690 2877 1843 2920 stellae
1856 2877 2051 2931 polaris
2070 2877 2376 2928 maximam,
2391 2888 2531 2920 eam-

375 2944 475 2986 que
495 2935 666 2977 inueni
679 2936 906 2988 partium
921 2935 977 2978 58
998 2935 1067 2978 M.
1083 2935 1155 2987 54,
1171 2935 1256 2978 sed
1271 2935 1450 2978 dubito
1465 2936 1530 2978 de
1548 2935 1667 2987 hoc,
1683 2935 1884 2989 praebet
1899 2935 2039 2978 enim
2058 2934 2404 2978 eleuationem
2425 2935 2531 2989 poli

374 2990 401 3033 6
422 2991 490 3034 M.
507 2993 665 3046 priori
687 2992 960 3036 maiorem.

432 3049 600 3093 Tertia
627 3051 677 3093 in
697 3052 867 3094 cauda
882 3051 1025 3094 Vrsae
1046 3063 1165 3105 quae
1184 3051 1425 3105 proxima
1450 3051 1520 3095 est
1545 3051 1910 3106 posterioribus
1936 3050 2081 3094 coxis
2107 3051 2287 3095 habuit
2313 3050 2531 3094 altitudi-

373 3119 494 3150 nem
516 3109 860 3152 meridianam
879 3109 965 3151 24p
983 3109 1035 3152 10
1055 3109 1172 3152 satis
1192 3110 1451 3163 exquisite.

434 3192 444 3215 ¹
467 3196 700 3235 Quamquam
715 3197 831 3227 codex
843 3196 981 3227 nullam
996 3196 1223 3227 mentionem
1237 3197 1323 3228 anni
1335 3197 1431 3234 facit,
1441 3201 1565 3228 tamen
1579 3195 1789 3228 coniunctio
1802 3196 1928 3228 Martis
1942 3201 1977 3228 et
1988 3197 2103 3228 Lunae
2113 3195 2341 3234 demonstrat,
2352 3196 2448 3227 hanc
2462 3196 2528 3227 ob-

373 3241 611 3273 servationem
625 3252 724 3274 anno
743 3244 828 3273 1576
843 3241 973 3274 factam
988 3243 1065 3274 esse.

430 3285 447 3309 ²
467 3288 582 3327 Supra
598 3289 816 3328 adscriptum
830 3289 876 3320 est
892 3291 1002 3320 »1576
1017 3289 1132 3320 aetatis
1147 3291 1201 3325 30,
1218 3289 1361 3320 Hafniae
1374 3289 1411 3320 in
1426 3289 1576 3320 Dama«.
1591 3291 1645 3321 De
1665 3290 1782 3329 eclipsi
1802 3289 1919 3321 lunari
1931 3289 2001 3320 diei
2015 3290 2033 3319 7
2049 3288 2216 3321 Otstobris
2235 3288 2324 3320 nihil
2343 3289 2380 3319 in
2400 3287 2529 3320 codiee

372 3335 563 3372 invenitur,
579 3336 635 3367 etii
650 3336 777 3374 Tycho
791 3336 828 3366 in
842 3336 932 3367 libro
948 3337 962 3366 1
977 3337 1347 3375 Progymnasmatum
1361 3335 1457 3372 dicit,
1473 3336 1507 3367 se
1521 3335 1682 3367 medium
1697 3336 1834 3375 eclipsis
1846 3337 1891 3367 Η.
1908 3337 1942 3366 11
1964 3337 2013 3367 Μ.
2025 3337 2066 3366 32
2082 3335 2290 3367 obseruasse.
