2690 4178
310 301 379 351 20
969 336 971 338 ψ
1326 299 1453 350 1569

357 435 417 476 N.
429 435 481 478 Β.
491 435 794 478 Praecedens
807 436 984 478 tabula
997 435 1344 477 Parallaxium
1356 433 1675 476 instrumenti
1690 433 1901 476 condita
1915 434 1985 477 est
1998 436 2067 477 ad
2081 435 2467 481 obseruationes

309 493 361 534 in
386 493 604 545 planetis
631 491 796 535 factas
815 493 965 535 Anno
989 492 1100 535 1569
1126 492 1312 534 Mensis
1333 491 1647 534 Nouembris
1667 490 1762 533 Die
1787 491 1834 533 11
1862 491 1994 535 inter
2011 492 2038 534 3
2059 497 2111 535 et
2127 493 2156 535 4
2175 493 2387 537 horam:
2410 495 2467 537 In

311 550 495 603 quibus
514 550 858 603 postmodum,
881 549 1125 593 correcstis
1146 549 1405 592 stellarum
1425 549 1652 590 fixarum
1671 549 1815 599 locis,
1833 560 1895 591 ac
1914 550 1967 591 in
1986 551 2197 604 globum
2217 564 2465 606 magnum

309 608 557 661 impositis
576 619 718 650 verae
739 608 987 650 distantiae
1007 608 1263 661 prodeunt
1281 607 1334 649 in
1354 607 1573 648 modum
1594 606 1908 659 sequentem.

597 678 632 719 Ι.
656 678 794 720 Inter
812 676 1088 719 Arcturum
1112 679 1161 719 et
1182 675 1219 734 ἢ
1565 674 1623 717 28
1653 675 1726 717 37⁴
1746 675 1886 718 Vera
1905 676 2141 720 distantia
2159 677 2212 720 in
2230 679 2384 732 globo

658 735 945 777 Obseruata
964 735 1070 778 dist.
1092 735 1224 776 inter
1243 733 1458 776 easdem
1570 732 1627 775 29
1656 733 1715 775 50

655 793 933 835 Parallaxis
951 791 1271 835 instrumenti
1600 791 1644 832 10
1660 790 1728 833 13⁴
1742 791 1895 834 subtr.

570 851 630 893 11.
654 851 791 893 Inter
810 850 1018 904 Spicam
1038 853 1089 892 et
1107 848 1383 891 Arcturum
1566 848 1622 890 33
1682 848 1710 890 2
1734 848 1787 891 in
1806 849 1960 903 globo

657 908 945 951 Obseruata
965 907 1200 950 distantia
1218 906 1538 949 instrumenti
1567 905 1625 948 34
1655 906 1713 948 20

654 966 934 1008 Parallaxis
952 965 1270 1008 instrumenti
1602 964 1619 1005 1
1660 963 1711 1006 18
1731 964 1837 1007 sub.

368 1035 427 1077 N.
446 1035 496 1077 B.
523 1035 727 1077 Harum
756 1035 1108 1077 distantiarum
1138 1034 1403 1076 diuersitas
1430 1033 1498 1075 ad
1525 1034 1844 1087 propositum
1876 1045 1939 1077 eo
1968 1035 2134 1090 magis
2160 1035 2351 1079 idonea
2380 1037 2464 1088 est,

310 1094 449 1146 quod
471 1094 528 1135 fit
547 1093 679 1135 inter
698 1093 864 1135 stellas
882 1093 1016 1134 fixas
1035 1092 1167 1134 inter
1187 1092 1251 1134 se.

546 1163 630 1204 ΙΙΙ.
654 1163 791 1204 Inter
811 1162 847 1216 ῼ
868 1164 918 1204 et
933 1163 980 1216 ἅ
1223 1160 1281 1202 46
1310 1160 1367 1203 26
1387 1161 1439 1202 in
1457 1160 1611 1214 globo

656 1220 941 1263 obseruata
962 1219 1199 1261 distantia
1223 1218 1280 1260 48
1315 1218 1367 1260 10

653 1278 933 1320 Parallaxis
952 1277 1180 1320 lustrum.
1254 1276 1271 1318 1
1306 1276 1364 1318 44
1385 1276 1489 1318 sub.

378 1347 767 1390 Diuerfitatibus
786 1346 923 1389 hisce
942 1346 1171 1388 limitatis
1190 1345 1398 1399 ponitur
1416 1345 1697 1399 parallaxis
1718 1346 1786 1389 ad
1798 1346 1855 1389 48
1872 1347 2063 1401 gradus
2081 1348 2125 1390 1⁰
2140 1348 2213 1391 50‘
2226 1349 2294 1391 ad
2310 1360 2466 1402 quem

307 1416 587 1447 numerum
606 1405 804 1458 reliqua
822 1404 1002 1447 tabula
1021 1403 1478 1458 proportionaliter
1496 1404 1569 1446 est
1587 1403 1837 1447 extructa.

364 1463 466 1505 Sed
486 1463 732 1516 quoniam
758 1463 874 1505 haec
904 1461 1157 1505 correctio
1183 1462 1505 1504 instrumenti
1528 1473 1623 1516 per
1647 1463 2040 1505 antecedentem
2067 1464 2304 1506 tabulam
2323 1465 2465 1507 haud

307 1521 550 1563 omnibus
571 1521 816 1575 distantijs
842 1520 1120 1562 lImitandis
1147 1520 1428 1562 satisfaciat
1451 1521 1594 1575 (nam
1613 1520 1867 1563 distantiae
1889 1532 2007 1574 quae
2031 1521 2167 1564 intra
2191 1522 2248 1564 20
2273 1523 2464 1577 gradus

307 1579 495 1621 eodem
520 1578 856 1621 instrumento
885 1579 996 1620 sunt
1021 1581 1255 1632 acceptae
1276 1578 1522 1620 deficiunt
1542 1590 1573 1620 a
1593 1578 1729 1621 veris
1748 1581 1805 1620 ut
1823 1579 2107 1632 plurimum
2125 1579 2176 1622 in
2195 1580 2222 1622 3
2244 1591 2306 1623 ac
2327 1580 2355 1622 4
2376 1581 2466 1623 mi-

306 1637 457 1687 nutis,
480 1637 725 1690 quaedam
751 1637 802 1678 in
820 1647 926 1679 uno
947 1639 1168 1687 tantum,
1189 1639 1245 1678 ut
1264 1636 1398 1678 infra
1419 1636 1596 1678 videre
1616 1636 1706 1692 est)
1729 1636 2126 1680 instrumentum
2150 1638 2252 1681 hoc
2273 1639 2466 1692 duplici

307 1694 470 1738 errori
491 1695 776 1737 obnoxium
795 1694 937 1737 fuisse
958 1695 1199 1745 creditur,
1220 1694 1441 1748 ideoque
1461 1695 1621 1737 etiam
1641 1695 1834 1749 duplici
1853 1694 2175 1739 correctione
2194 1708 2359 1751 egere.

1146 1798 1216 1840 IN
1238 1798 1567 1850 DISTANTIJ
1570 1799 1618 1841 S.

364 1868 512 1911 Circa
531 1868 588 1910 20
608 1868 798 1922 gradus
818 1869 1099 1922 parallaxis
1118 1868 1373 1922 reperitur
1391 1869 1542 1911 unius
1562 1868 1746 1911 minuti
1765 1869 2021 1912 addenda.

364 1927 512 1969 Circa
530 1926 583 1968 10
597 1926 786 1980 gradus
799 1926 843 1968 4‘
858 1938 953 1980 pro
967 1928 1236 1980 parallaxe
1257 1927 1374 1969 add.
1392 1927 1542 1969 quta
1555 1928 1582 1968 5
1596 1928 1786 1981 gradus
1805 1927 2060 1981 reperitur
2078 1928 2360 1982 parallaxis
2381 1930 2465 1971 ad-

306 1984 476 2026 denda
495 1986 522 2025 5
541 1984 663 2026 min.
688 1984 818 2027 Haec
840 1985 1066 2027 deuiatio
1086 1985 1406 2028 instrumenti
1433 1985 1484 2027 in
1504 1985 1791 2028 minoribus
1811 1985 1949 2028 hisce
1969 1986 2215 2040 distantijS
2236 1989 2294 2029 ut
2314 1987 2465 2040 pluri-

304 2053 450 2084 mum
472 2042 790 2095 deprehensa
809 2042 901 2093 est;
923 2043 1008 2085 sed
1029 2054 1134 2085 non
1154 2043 1295 2086 circa
1315 2043 1530 2086 eosdem
1550 2043 1741 2097 gradus
1761 2044 2012 2087 consimili
2032 2044 2234 2098 semper
2252 2056 2465 2099 propor-

302 2099 458 2150 tione,
479 2103 536 2142 ut
554 2100 690 2142 infra
709 2100 782 2143 est
799 2100 991 2143 videre.
