2742 4204
447 314 537 363 134
1068 373 1070 375 ‚
1463 308 1589 360 1582

863 446 1054 497 JUNIJ.

449 517 542 559 Die
561 517 602 558 4.
653 517 745 558 Per
764 515 822 566 Q.
845 516 1028 559 minor.

448 575 542 617 Die
561 576 602 617 7.
652 575 744 616 Per
763 574 822 624 Q.
845 574 1028 616 minor.

448 633 542 675 Die
561 632 602 674 8.
652 633 744 674 Per
764 632 822 681 Q.
845 631 1028 674 minor.

448 691 542 732 Die
566 689 631 732 10.
653 690 745 732 Ρει·
764 689 823 739 Q.
845 689 1028 732 minor.

654 748 745 789 Per
764 747 823 797 Q.
845 748 1029 788 mural.
1051 758 1190 788 max.
1230 746 1285 787 57
1316 744 1373 787 34
1403 744 1459 786 50

448 805 543 847 Die
566 805 631 846 11.
653 806 745 847 Ρει·
764 804 823 855 Q.
847 805 1030 846 mural.
1052 803 1172 846 red't.
1230 804 1285 844 57
1316 803 1372 844 35
1403 801 1460 843 40

1229 517 1284 557 57
1316 515 1372 556 24
1402 514 1459 557 30

1229 574 1284 615 57
1316 572 1367 614 31
1432 571 1459 613 0

1230 631 1285 672 57
1316 630 1372 672 32
1408 630 1459 671 15

1230 689 1285 730 57
1316 687 1373 729 34

653 863 745 904 Per
764 862 822 912 Q.
845 862 1028 904 minor.
1230 861 1286 902 57
1316 859 1374 902 34
1403 859 1459 900 45

448 921 542 963 Die
566 921 631 962 12.
653 921 745 962 Per
764 920 822 970 Q.
846 919 1029 962 minor.
1230 919 1285 959 57
1317 916 1374 959 34
1404 916 1460 959 30

654 989 747 1032 ρει·
766 978 824 1028 Q.
848 977 1031 1020 maior.
1230 976 1286 1017 57
1317 974 1374 1017 34
1403 974 1459 1016 45

654 1047 746 1089 per
765 1035 823 1085 Q.
846 1036 1030 1077 mural.
1230 1035 1286 1075 57
1317 1033 1373 1075 35
1403 1032 1460 1074 35

449 1094 542 1136 Die
566 1093 631 1135 14.
653 1094 746 1135 Ρει·
765 1093 823 1143 Q.
847 1105 977 1134 mur.
1230 1092 1286 1133 57
1317 1089 1374 1132 34
1404 1089 1460 1131 50

654 1162 746 1204 per
765 1150 824 1201 Q.
847 1150 1029 1192 maior.
1230 1150 1285 1190 57
1317 1147 1372 1190 33
1403 1147 1461 1189 30

653 1219 746 1262 per
765 1208 823 1258 Q.
847 1208 1030 1250 minor.
1231 1207 1286 1248 57
1317 1205 1372 1247 33
1433 1204 1460 1246 0

448 1267 542 1309 Die
566 1267 631 1308 15.
654 1267 745 1308 Per
765 1266 823 1316 Q.
846 1278 977 1308 mur.
1231 1265 1285 1306 57
1317 1263 1372 1305 33
1403 1263 1459 1305 35

654 1335 746 1377 ρει·
766 1324 824 1373 Q.
846 1323 1028 1365 maior.
1232 1323 1287 1363 57
1318 1321 1374 1363 32
1405 1320 1461 1362 50

1232 1381 1287 1421 57
1317 1379 1374 1421 32
1404 1378 1461 1420 40

1231 1438 1287 1479 57
1318 1436 1374 1478 29
1434 1435 1461 1477 0

1232 1496 1287 1537 57
1318 1495 1374 1536 27
1405 1494 1462 1536 40

1232 1554 1287 1595 57
1318 1552 1375 1594 30
1405 1552 1462 1594 30

653 1393 746 1435 ρει·
764 1381 822 1431 Q.
846 1382 1031 1423 minor.

448 1440 542 1482 Die
566 1440 632 1481 17.
653 1441 746 1481 Ρει·
765 1439 823 1490 Q.
847 1439 1017 1481 maior

653 1509 746 1550 per
765 1497 823 1547 Q.
848 1497 1031 1539 minor.

653 1566 746 1608 ρει·
765 1555 823 1606 Q.
847 1566 978 1596 mur.

656 1671 765 1712 DIE
784 1670 841 1712 20
857 1669 1049 1721 JUNIJ‚
1073 1668 1274 1711 MANE.

726 1740 789 1782 H.
806 1742 847 1781 5.
875 1740 965 1781 11¹n
981 1739 1088 1790 20⁴2
1104 1739 1364 1788 Azim.(9a
1384 1738 1488 1791 sep-

724 1801 872 1840 tentr.
899 1798 1075 1840 uersus
1101 1800 1274 1839 ortum
1299 1795 1375 1838 66ο
1395 1795 1484 1846 34’,

724 1857 820 1897 Alt.
847 1856 899 1898 12
929 1856 1022 1901 224.

724 2122 787 2164 H.
809 2123 850 2164 5.
878 2122 943 2164 17.

726 2389 788 2430 H.
811 2390 852 2430 5.
874 2389 963 2430 27‘.
990 2388 1092 2430 17⁰.

724 2447 888 2489 Azim.
905 2453 948 2496 Θ
962 2446 1038 2488 690
1057 2445 1147 2497 39⁴,
1168 2446 1265 2488 Alt.
1292 2445 1344 2487 14
1373 2445 1445 2488 30.

726 2505 1067 2558 Horologium
1092 2515 1239 2558 prox.
1262 2504 1361 2557 seq.
1385 2514 1489 2546 me-

725 2563 851 2605 ridie
871 2563 1088 2605 celerius
1107 2562 1214 2605 ibat
1232 2562 1276 2604 3‘
1297 2561 1403 2604 40¹¹.

772 2668 883 2709 DIE
901 2667 957 2708 22
973 2666 1166 2717 JUNIJ.

446 2738 528 2779 Alt
548 2743 591 2787 Θ
612 2737 792 2780 merid.
815 2748 907 2791 per
926 2736 986 2787 Q.
1009 2747 1141 2778 mur.

817 2807 909 2848 per
929 2795 987 2845 Q.
1011 2794 1195 2837 maior.
1236 2795 1290 2836 57
1327 2794 1379 2836 12
1409 2794 1466 2836 30

817 2864 909 2906 per
929 2853 987 2903 Q.
1011 2853 1196 2895 minor.
1236 2853 1291 2894 57
1327 2852 1378 2895 13
1439 2852 1466 2894 0

450 1761 676 2614 OOC

1234 2737 1289 2778 57
1326 2736 1381 2778 13>
1409 2735 1466 2778 40

532 2969 970 3012 ALTITUDINES
992 2968 1405 3010 MERIDIANAE.

870 3039 897 3090 J
903 3038 1044 3089 ULIJ
1050 3071 1059 3080 .

447 3109 542 3152 Die
562 3109 603 3151 2.
654 3109 747 3151 Per
766 3108 825 3159 Q.
849 3120 981 3150 mur.
1236 3108 1292 3150 56
1327 3107 1374 3149 11
1439 3107 1467 3149 0

655 3178 747 3221 ρει·
766 3166 825 3217 Q.
849 3166 1033 3208 minor.
1236 3165 1292 3207 56
1328 3165 1380 3207 10
1410 3165 1467 3208 20

653 3236 746 3279 per
766 3224 825 3275 Q.
848 3224 1031 3267 maior.
1236 3223 1293 3265 56
1328 3223 1380 3265 10
1439 3223 1467 3265 0

447 3283 541 3326 Die
561 3283 602 3325 6.
654 3284 747 3326 Ρει·
766 3282 824 3334 Q.
847 3294 987 3325 max.
1237 3283 1292 3323 55
1323 3281 1379 3324 33
1415 3281 1466 3323 15

1761 453 1854 496 per
1873 441 1932 492 Q.
1955 441 2140 483 minor.

1555 501 1650 544 Die
1669 502 1710 543 7.
1761 501 1854 542 Per
1872 499 1931 550 Q.
1954 499 2139 541 minor.

1555 559 1650 602 Die
1674 559 1740 601 13.
1761 559 1853 600 Per
1873 557 1931 607 Q.
1954 556 2138 598 minor.

1556 617 1650 659 Die
1669 616 1740 657 25.
1762 616 1853 657 Ρει·
1873 614 1931 665 Q.
1954 625 2086 656 mur.

1556 674 1651 716 Die
1669 673 1740 715 28.
1761 673 1853 715 Ρει·
1872 672 1931 723 Q.
1954 682 2086 712 mur.

1762 741 1856 784 per
1875 729 1934 780 Q.
1957 728 2142 770 minor.

1921 854 2228 898 AUGUSTI.

1556 927 1651 969 Die
1670 926 1711 968 9.
1763 927 1855 967 Per
1875 924 1933 975 Q.
1957 936 2089 966 mur.

1763 995 1856 1037 per
1876 982 1934 1033 Q.
1957 982 2142 1024 minor.

1556 1100 1650 1142 Die
1674 1099 1740 1141 15.
1761 1099 1854 1141 Per
1873 1098 1932 1148 Q.
1954 1109 2086 1140 mur.

1764 1167 1857 1210 per
1876 1156 1935 1206 Q.
1959 1155 2143 1197 minor.

2340 441 2396 482 55
2427 439 2483 482 33
2514 440 2571 482 30

2340 499 2396 539 55
2427 497 2483 539 23
2514 497 2570 539 30

2342 554 2399 596 54
2433 554 2483 596 17

2343 611 2394 653 51
2429 611 2486 654 29
2515 612 2573 655 30

2343 669 2400 711 50
2429 669 2481 711 41
2520 669 2573 712 10

2343 727 2400 769 50
2429 727 2486 769 40
2545 727 2573 770 0

2342 923 2399 966 47
2459 923 2486 966 3
2522 923 2573 966 10

2344 981 2400 1023 47
2464 981 2482 1022 1

2487 1038 2595 1082 fere

2345 1096 2401 1139 45
2465 1097 2483 1138 1
2546 1096 2575 1139 0

2343 1154 2400 1196 44
2430 1154 2487 1196 59
2516 1154 2573 1197 30

1763 1225 1869 1257 non
1883 1213 2001 1256 satis
2020 1216 2164 1255 certa
2180 1215 2393 1266 propter
2403 1215 2597 1266 tempe-

1764 1272 1959 1315 statem.

1556 1331 1652 1373 Die
1671 1330 1742 1372 20.
1764 1331 1857 1373 Per
1876 1330 1935 1380 Q.
1957 1341 2090 1371 mur.

1764 1399 1858 1442 per
1877 1388 1936 1438 Q.
1959 1386 2144 1430 minor.

1558 1447 1652 1489 Die
1672 1446 1742 1489 23.
1764 1447 1857 1489 Per
1877 1446 1936 1497 Q.
1959 1445 2081 1487 min.

2344 1327 2400 1371 43
2436 1328 2488 1370 15
2546 1327 2575 1370 0

2346 1386 2402 1428 43
2438 1386 2489 1428 13
2519 1385 2576 1428 45

2346 1444 2403 1486 42
2462 1444 2488 1485 7
2548 1443 2576 1485 0

1766 1507 1820 1553 ἑν
1833 1506 2009 1552 πλάτει
2021 1506 2234 1557 propter
2251 1513 2401 1544 raras
2420 1502 2583 1545 nubes

1558 1562 1653 1605 Die
1673 1561 1744 1604 28.
1766 1563 1859 1604 Per
1878 1561 1936 1612 Q.
1959 1561 2082 1603 min.

1559 1621 1654 1663 Die
1673 1620 1744 1662 29.
1766 1621 1858 1662 Per
1878 1619 1937 1670 Q.
1960 1630 2092 1661 mur.

1766 1679 1860 1720 Per
1878 1677 1937 1728 Q.
1961 1677 2145 1719 minor.

2347 1559 2491 1602 4019
2549 1534 2597 1602 o'

2345 1617 2403 1660 39
2433 1615 2514 1663 564

2347 1675 2404 1718 39
2434 1675 2492 1718 54

1768 1739 1822 1785 ἐν
1835 1737 2011 1783 πλάτει
2022 1737 2235 1789 propter
2253 1745 2401 1776 raras
2421 1734 2598 1776 nubes.

1884 1856 2280 1899 SEPTEMBRIS.

1560 1928 1655 1971 Die
1675 1930 1716 1970 5.
1767 1928 1861 1970 Per
1879 1926 1939 1978 Q.
1962 1927 2147 1968 mural.

1767 1996 1861 2039 ρει·
1880 1985 1939 2036 Q.
1963 1984 2148 2028 minor.

1560 2044 1655 2086 Die
1675 2043 1716 2086 8.
1767 2045 1860 2086 Per
1879 2043 1938 2094 Q.
1962 2054 2095 2085 mur.

1767 2113 1862 2156 per
1881 2101 1940 2152 Q.
1963 2101 2148 2144 minor.

1560 2160 1655 2203 Die
1679 2159 1748 2202 14.
1767 2161 1861 2202 Per
1880 2159 1940 2210 Q.
1961 2171 2094 2202 mur.

1561 2218 1656 2261 Die
1674 2218 1746 2261 21.
1767 2219 1860 2261 Per
1878 2217 1938 2268 Q.
1961 2228 2094 2260 mur.

1769 2287 1861 2330 per
1881 2275 1939 2327 Q.
1963 2275 2148 2318 minor.

1921 2396 2248 2440 OCTOBRIS.

1561 2469 1658 2511 Die
1677 2470 1718 2511 7.
1769 2469 1862 2510 Per
1881 2467 1941 2518 Q.
1976 2467 2162 2510 minor.

1561 2527 1656 2570 Die
1680 2526 1747 2568 18.
1769 2527 1862 2568 Per
1882 2525 1941 2576 Q.
1963 2537 2096 2567 mur.

1769 2595 1862 2638 per
1881 2583 1940 2634 Q.
1963 2583 2148 2626 minor.

1562 2701 1657 2744 Die
1675 2701 1747 2743 21.
1769 2701 1861 2743 Per
1881 2699 1940 2751 Q.
1962 2699 2148 2742 minor.

1770 2769 1864 2812 per
1883 2757 1942 2809 Q.
1965 2769 2098 2800 mur.

1563 2817 1658 2860 Die
1677 2816 1748 2859 24.
1770 2817 1863 2859 Per
1881 2816 1941 2867 Q.
1964 2827 2097 2858 mur.

1771 2885 1864 2929 per
1883 2874 1942 2926 Q.
1965 2885 2105 2916 max.

1770 2944 1864 2987 ρει·
1882 2932 1942 2983 Q.
1965 2932 2150 2974 minor.

1563 2991 1657 3035 Die
1677 2992 1748 3034 25.
1771 2992 1863 3034 Per
1882 2990 1941 3041 Q.
1964 3001 2103 3032 max.

1770 3060 1864 3103 per
1883 3049 1942 3100 Q.
1965 3048 2150 3090 minor.

1563 3108 1658 3151 Die
1677 3108 1749 3150 27.
1770 3108 1864 3150 Ρει·
1883 3106 1943 3158 Q.
1966 3117 2099 3148 mur.

1771 3177 1865 3219 per
1884 3165 1943 3216 Q.
1967 3175 2107 3207 max.

1771 3234 1864 3277 per
1895 3222 1954 3273 Q.
1988 3221 2173 3265 minor.

1770 3292 1864 3335 per
1884 3281 2020 3323 Sext.
2041 3279 2169 3333 Trig.

2348 1925 2404 1968 37
2440 1925 2492 1967 15
2522 1925 2579 1967 25

2348 1983 2404 2026 37
2440 1983 2493 2025 14
2551 1983 2579 2025 0

2348 2041 2406 2084 36
2464 2040 2492 2083 6
2551 2041 2579 2083 0

2348 2099 2406 2142 36
2464 2098 2493 2141 6
2551 2099 2580 2141 0

2347 2157 2403 2200 33
2434 2156 2492 2199 44
2550 2158 2578 2199 5

2347 2215 2404 2258 30
2434 2215 2492 2257 59

2347 2273 2405 2316 30
2435 2273 2492 2316 59

2351 2466 2409 2508 24
2438 2467 2495 2508 55
2554 2465 2582 2508 0

2350 2524 2402 2566 21
2470 2524 2489 2565 1
2524 2523 2581 2566 20

2349 2582 2401 2624 21
2470 2581 2488 2623 l
2553 2581 2582 2624 0

2493 2639 2603 2682 fere

2350 2697 2407 2740 20
2471 2698 2489 2739 1
2524 2697 2581 2740 30

2352 2755 2409 2798 20
2468 2756 2496 2798 2
2554 2754 2582 2797 0

2355 2813 2408 2856 19
2466 2813 2495 2855 4
2553 2812 2582 2856 0

2355 2871 2408 2915 19
2466 2871 2495 2913 4
2553 2870 2581 2914 0

2356 2929 2408 2972 19
2466 2929 2494 2972 3
2524 2929 2581 2972 30

2356 2987 2408 3030 18
2438 2987 2494 3030 45
2524 2986 2582 3030 30

2356 3045 2408 3088 18
2437 3045 2495 3087 44
2553 3044 2582 3087 0

2355 3103 2407 3146 18
2467 3102 2495 3146 8
2525 3102 2582 3145 20

2355 3161 2407 3204 18
2467 3162 2493 3203 7
2524 3160 2581 3203 50

2356 3219 2408 3262 18
2467 3218 2495 3261 8
2553 3218 2582 3260 0

2355 3276 2407 3319 18
2466 3278 2493 3319 7
2524 3276 2581 3319 20
