2690 4178
737 342 1412 396 PROLEGOMENA
1439 344 1843 398 EDITORIS
2170 347 2394 400 XXVII

194 484 512 531 bibliotheca
542 481 848 533 Hauniensi,
880 481 970 536 qui
998 481 1242 536 providit,
1272 485 1331 525 ut
1357 494 1386 526 e
1412 482 1733 527 bibliotheca
1759 483 2157 528 vindobonensi
2182 487 2394 531 codices

195 555 464 601 Hauniam
483 553 654 597 mutui
673 553 941 604 darentur,
969 554 1021 596 et
1046 551 1313 596 interdum
1333 564 1558 608 operam
1577 553 1735 606 dedit,
1762 557 1820 598 ut
1845 558 2023 609 partes
2044 567 2247 608 eorum,
2275 570 2395 611 quae

193 626 345 671 utiles
373 628 525 669 erant
554 624 623 668 ad
654 624 945 679 explendas
977 624 1197 666 lacunas
1228 623 1630 675 Hauniensium,
1663 625 1795 668 lucis
1828 636 1929 680 ope
1961 626 2393 680 exprimerentur.

195 696 540 742 collationem
565 706 695 739 vero
723 694 965 739 omnium
991 694 1242 738 codicum
1263 693 1649 738 Hauniensium
1676 698 1728 739 et
1753 696 2144 740 confectionem
2170 699 2396 752 exempli

193 769 319 825 ejus,
352 768 495 823 quod
519 765 866 822 typographis
891 764 1304 809 describendum
1330 765 1626 809 mitteretur
1651 765 1712 822 (si
1735 766 1968 821 excipias
1989 768 2307 822 appendices
2329 770 2396 812 ad

195 838 592 884 observationes
613 837 737 881 anni
760 835 873 879 1582
892 836 1228 891 pertinentes,
1249 836 1341 880 ubi
1360 837 1606 891 exemplo
1627 837 1759 880 lucis
1774 848 1874 892 ope
1889 849 2141 893 expresso
2154 841 2399 894 typogra-

193 911 328 966 phus
353 909 429 953 uti
452 909 681 966 poterat)
706 918 804 964 ego
829 907 942 963 ipse
967 910 1277 962 persecutus
1303 919 1439 950 sum.
1468 907 1711 951 IOANNI
1733 911 1914 952 autem
1934 908 2176 953 RAEDER
2203 910 2398 964 gratias

195 993 358 1038 quam
378 980 645 1024 maximas
666 990 783 1035 ago,
805 978 894 1034 qui
914 989 1103 1022 omnes
1122 979 1361 1033 plagulas
1380 990 1594 1021 summa
1615 990 1746 1022 cura
1766 980 1984 1034 perlegit
2002 982 2054 1023 et
2070 991 2194 1023 cum
2210 981 2399 1024 codici-

195 1054 292 1098 bus
312 1050 647 1107 comparavit
666 1051 968 1104 multosque
989 1060 1277 1105 operarum
1297 1060 1507 1093 errores
1527 1049 1631 1093 hoc
1654 1051 1817 1093 modo
1839 1051 2084 1094 correxit.
2110 1051 2259 1094 Idem
2279 1051 2397 1095 haec

193 1124 572 1180 prolegomena
589 1121 645 1165 in
665 1121 916 1165 Latinum
935 1132 1243 1165 sermonem
1263 1120 1434 1164 vertit.

406 1258 589 1291 scupsl
608 1258 783 1290 oxortu
804 1258 981 1290 MENSE
1000 1256 1283 1289 FEnRuAmo
1303 1259 1347 1288 A.
1370 1257 1619 1288 mcmxxm.

1760 1334 1804 1386 J.
1828 1335 1886 1378 L.
1909 1336 1961 1378 E.
1985 1335 2256 1379 DREYER.

337 3484 431 3527 (D’)
