2690 4178
352 339 541 390 XVIII
888 333 1544 388 PROLEGOMENA
1569 329 1965 383 EDITORIS

409 475 466 516 In
484 486 692 517 summa
710 474 880 527 prima
898 473 1084 527 pagina
1104 472 1177 515 sic
1197 471 1447 525 scriptum
1467 472 1564 512 est:

892 564 1293 608 Observationes
1312 564 1639 605 Planetarum
1659 560 1698 601 ἃ
1718 559 1960 601 Fixarum

1123 622 1257 664 Anni
1275 619 1547 663 Christiani
1569 617 1716 661 1596.

349 685 400 725 et
418 683 470 725 in
487 682 662 724 media
679 682 887 736 pagina:

752 773 942 816 Felices
962 772 1167 822 animae,
1189 771 1373 825 quibus
1391 771 1508 812 haec
1529 777 1845 822 cognoscere
1863 765 2092 819 primum

839 832 998 884 Inque
1017 831 1204 873 domos
1223 839 1439 883 superas
1459 827 1710 870 scandere
1729 836 1857 867 cura
1876 823 2008 865 fuit.¹

416 925 593 966 Annus
623 922 754 965 1597
780 923 955 976 incipit
979 923 1031 964 in
1056 922 1142 965 fol.
1165 921 1220 964 93
1241 922 1349 964 sine
1367 920 1536 970 titulo;
1564 919 1616 960 in
1635 928 1844 960 summa
1861 918 2066 958 tantum
2086 914 2274 969 pagina
2293 914 2493 968 legitur:

348 993 750 1036 Observationes
777 992 897 1035 anni
921 991 1139 1034 labentis
1169 990 1292 1032 1597.
1318 988 1720 1032 Observationes
1745 987 2011 1029 stellarum
2037 985 2263 1026 fixarum
2283 983 2335 1025 in
2354 986 2498 1037 quat-

346 1066 465 1106 tuor
482 1063 617 1105 foliis
636 1061 887 1116 separatis
906 1061 1233 1103 inveniuntur
1255 1058 1536 1115 (127-130),
1566 1069 1684 1111 quae
1709 1058 1827 1110 post
1853 1053 2245 1097 observationes
2271 1054 2497 1107 planeta-

345 1144 465 1174 rum
478 1132 680 1174 Hvenae
699 1131 954 1173 institutas
973 1130 1163 1173 inserta
1182 1132 1314 1172 sunt.
1330 1129 1498 1171 Vacat
1511 1127 1597 1170 fol.
1617 1126 1693 1168 131
1706 1135 1737 1176 r,
1758 1124 1854 1167 nisi
1868 1123 2008 1178 quod
2020 1123 2073 1165 in
2086 1134 2296 1166 summa
2308 1122 2496 1176 pagina

345 1204 595 1255 scnptum
615 1204 711 1243 esu
1039 1233 1405 1288 Longitudines
1424 1232 1464 1273 81
1485 1230 1804 1274 Latitudines

933 1292 1362 1336 Antecedentium
1381 1291 1609 1332 fixarum
1628 1289 1905 1331 Stellarum

929 1350 1267 1404 postmodum
1288 1349 1687 1391 obseruatarum
1707 1344 1910 1389 caeteris

991 1408 1189 1451 dudum
1207 1406 1395 1450 habitis
1415 1405 1770 1460 adjungendae,
1791 1406 1848 1445 ut

948 1467 1273 1520 compleatur
1291 1475 1539 1507 numerus
1559 1461 1891 1506 millenarius.

414 1559 471 1601 In
498 1558 732 1612 sequenti
758 1558 945 1612 pagina
972 1558 1148 1613 incipit
1175 1558 1357 1601 relatio
1389 1557 1493 1599 »De
1519 1555 1798 1600 occasione
1823 1554 2227 1606 interruptarum
2253 1551 2497 1594 obserua-

342 1628 542 1671 tionum
563 1629 603 1670 81
623 1629 880 1671 discessus
898 1628 1046 1682 mej«,
1068 1640 1227 1682 quam
1246 1627 1477 1681 sequitur
1494 1626 1599 1668 »Ad
1613 1624 1840 1667 Daniam
1854 1622 2067 1676 Elegia«.
2091 1621 2496 1665 Observationes

343 1697 462 1739 anni
487 1697 612 1749 1597,
640 1709 758 1751 quae
779 1698 1018 1740 desinunt
1035 1698 1087 1739 in
1106 1697 1194 1741 fol.
1219 1697 1339 1749 149¹,
1365 1697 1417 1739 in
1436 1695 1670 1750 sequenti
1689 1693 1877 1748 pagina
1895 1704 2084 1746 parum
2104 1692 2271 1735 bonas
2291 1701 2405 1734 esse
2426 1690 2498 1733 ait

341 1767 541 1820 Tycho;
565 1767 795 1822 adjectas
814 1778 928 1810 esse
948 1778 1012 1809 ea
1031 1767 1095 1809 de
1115 1778 1277 1810 causa
1297 1766 1425 1809 alias
1446 1779 1477 1808 a
1498 1765 1699 1808 Davide
1718 1763 1953 1806 Fabricio
1973 1761 2245 1804 institutas.
2273 1760 2496 1814 Implent

340 1836 426 1879 hae
447 1835 570 1878 folia
594 1836 834 1887 150—157,
863 1837 929 1879 ab
949 1836 1061 1890 ipso
1082 1836 1316 1879 Fabricio
1338 1847 1520 1879 omnes
1541 1833 1868 1887 conscriptae,
1896 1835 1946 1875 et
1966 1831 2143 1874 addita
2163 1833 2241 1874 est
2259 1829 2493 1884 epistula,

342 1918 502 1959 quam
522 1906 569 1948 d.
590 1905 647 1948 23
668 1917 736 1947 m.
759 1905 891 1948 Nov.
917 1905 1027 1948 1597
1045 1905 1279 1959 Tychoni
1300 1906 1515 1948 dederat
1537 1905 1640 1954 ille;
1670 1915 1787 1957 quae
1807 1902 2000 1945 inserta
2020 1904 2097 1944 est
2115 1901 2247 1943 inter
2266 1899 2390 1942 folia
2413 1899 2495 1941 153

340 1978 392 2017 et
419 1974 514 2017 154.
546 1975 682 2017 Inter
709 1975 807 2017 has
833 1975 1224 2017 observationes
1249 1974 1578 2017 inveniuntur
1601 1972 1818 2015 nubium
1847 1970 2125 2014 altitudinis
2154 1969 2493 2019 definitiones,

341 2044 617 2097 descriptio
650 2045 864 2098 copiosa
897 2043 1313 2098 pinnacidiorum
1343 2044 1492 2094 illius,
1530 2042 1812 2095 horoscopi
1844 2041 2053 2095 aliquot.
2093 2039 2233 2083 Folia
2267 2038 2495 2081 158-160

340 2114 570 2156 calculos
595 2114 874 2164 continent,
903 2124 1033 2167 quos
1059 2124 1088 2156 e
1114 2113 1425 2167 quibusdam
1451 2113 1641 2155 harum
1670 2110 2096 2154 observationum
2123 2109 2321 2166 fecerat
2349 2108 2495 2151 disci-

338 2184 488 2237 pulus
513 2182 695 2235 aliquis
713 2182 989 2236 TychoniS,
1017 2185 1068 2225 et
1092 2182 1144 2224 in
1168 2182 1257 2226 fol.
1283 2182 1359 2224 161
1389 2183 1562 2236 plures
1588 2181 1880 2224 adiciuntur
1899 2178 2291 2223 observationes
2311 2190 2357 2221 a.
2383 2176 2494 2220 1598

339 2265 370 2295 a
390 2252 623 2295 Fabricio
643 2252 902 2295 institutae.

407 2322 486 2364 Ad
511 2322 671 2364 finem
697 2321 892 2364 codicis
917 2321 1047 2364 alius
1072 2321 1328 2364 invenitur
1347 2320 1626 2363 fasciculus
1651 2320 1774 2377 (foll.
1800 2318 2059 2373 164-186),
2088 2316 2174 2371 qui
2197 2317 2494 2371 catalogum

337 2391 538 2445 praebet
556 2392 822 2434 stellarum
840 2391 1068 2434 fixarum
1089 2391 1194 2442 723;
1217 2402 1374 2444 quem
1394 2402 1490 2433 nos
1511 2389 1880 2443 descripsimus
1899 2388 1951 2430 in
1968 2391 2096 2431 tom.
2113 2386 2182 2429 111
2196 2398 2245 2441 p.
2261 2386 2348 2428 409
2361 2389 2412 2429 et
2425 2386 2493 2428 ad

337 2461 496 2503 finem
514 2461 644 2503 tomi
664 2461 730 2502 XI
751 2461 927 2504 locum
942 2461 988 2503 ei
1003 2460 1394 2515 assignavimus.
1418 2461 1475 2502 In
1488 2460 1591 2503 hoc
1604 2459 1789 2510 indice,
1811 2458 1944 2501 sicut
1958 2457 2171 2500 omnino
2185 2456 2238 2498 in
2252 2455 2494 2499 observa-

336 2530 561 2573 tionibus
581 2530 646 2573 ab
669 2542 805 2573 anno
830 2530 955 2581 1589,
982 2530 1166 2573 iisdem
1190 2529 1420 2572 numeris
1446 2530 1609 2572 stellae
1633 2530 1914 2582 designatae
1940 2530 2074 2578 sunt,
2102 2537 2233 2580 quos
2258 2525 2493 2579 praebent

338 2600 560 2654 catalogi
580 2600 877 2642 Ptolemaici
896 2599 1147 2642 editiones
1168 2599 1386 2642 Latinae.

407 2670 465 2711 In
492 2669 594 2712 hoc
625 2669 806 2712 codice
834 2680 939 2711 non
966 2669 1132 2711 multa
1160 2668 1489 2711 inveniuntur
1515 2667 1776 2721 Tychonis
1807 2678 1969 2709 manu
1996 2665 2204 2719 scripta.
2238 2664 2493 2707 Observa-

335 2739 502 2782 tiones
521 2738 721 2792 praebet
740 2738 978 2792 integras,
1000 2749 1063 2781 ac
1084 2739 1269 2781 desunt
1286 2741 1487 2781 tantum
1511 2737 1615 2780 duo
1635 2738 1754 2779 loca
1773 2747 1866 2790 per
1885 2736 2115 2778 calculos
2133 2737 2355 2788 reperta.

551 2889 771 2932 CODEX
792 2888 834 2931 fl
857 2909 911 2924 =
930 2889 1047 2932 Ant.
1070 2888 1192 2931 Coll.
1216 2889 1329 2943 Reg.
1350 2887 1436 2931 317
1455 2887 1508 2931 in
1527 2887 1614 2931 fol.
1637 2886 1866 2930 continet
1885 2885 2276 2929 observationes

829 2969 1087 3001 annorum
1112 2957 1244 3000 1598
1264 2961 1314 3000 et
1338 2956 1471 3000 1599
1490 2960 1540 3000 et
1559 2956 1752 3000 mensis
1767 2956 1795 3007 J
1798 2955 1999 2999 anuarii

1267 3027 1390 3070 anni
1413 3026 1560 3070 1600.

393 3109 669 3152 Involucro
684 3109 897 3152 vestitus
910 3108 1006 3151 fuit
1020 3108 1429 3151 membranaceo
1449 3109 1585 3150 laxo.
1609 3108 1864 3151 Consutus
1878 3108 1955 3149 est
1968 3117 1997 3149 e
2010 3105 2215 3149 duobus
2227 3104 2490 3148 fasciculis

334 3179 578 3222 foliorum
596 3178 677 3221 108
690 3182 741 3221 et
753 3179 824 3230 72,
847 3190 1071 3232 quorum
1085 3177 1270 3231 prioris
1283 3178 1620 3232 tegimentum
1635 3176 1878 3228 anterius,
1899 3176 2040 3229 quod
2053 3175 2206 3218 valde
2220 3174 2490 3218 sordidum

405 3275 415 3299 ¹
438 3273 589 3308 Versus
615 3271 843 3308 Ovidianos
870 3272 996 3314 (Fast.
1025 3273 1039 3306 1
1066 3272 1135 3307 297
1160 3273 1236 3316 sq.)
1260 3270 1346 3315 jam
1372 3270 1415 3306 in
1440 3270 1547 3306 libro
1572 3271 1634 3305 De
1659 3271 1781 3306 Nova
1806 3271 1928 3305 stella
1956 3269 2045 3314 (Op.
2073 3269 2088 3304 1
2114 3280 2151 3313 p.
2177 3268 2274 3310 44.⁶)
2304 3267 2490 3303 attulerat

333 3331 487 3375 Tycho.
