2690 4178
358 369 413 420 14

361 508 1114 569 OBSERUATIONES
1141 507 1582 567 SYDERUM
1611 505 1935 565 FACTAE
1953 506 2228 565 ANNO
2258 506 2511 566 CHRI-

597 601 730 661 STI
766 602 917 662 1568
945 602 1045 660 IN
1075 598 1617 660 HORIZONTE
1646 597 2364 658 ROSTOCHIENSI.¹

1190 699 1299 740 DIE
1318 698 1346 740 2
1361 696 1685 748 JANUARIJ.

418 770 574 812 Mane
600 770 740 813 circa
765 770 955 812 horam
975 769 1187 811 sextam.
1211 769 1367 809 Erant
1384 769 1420 820 ⁹4
1438 770 1489 808 et
1508 777 1601 809 cor
1620 765 1674 821 m
1695 765 1747 807 in
1767 766 1955 808 eodem
1982 765 2177 809 circulo
2197 766 2445 818 verticali,
2467 768 2503 819 η

359 838 485 870 vero
507 827 949 881 septentrionalior
973 827 1079 880 ipsa
1099 826 1238 868 stella
1266 826 1406 867 iuxta
1432 824 1802 878 longitudinem
1822 823 1972 866 vnius
1997 823 2223 867 hominis
2241 823 2515 868 Videbatur

359 888 409 927 et
428 885 564 952 linea
582 884 736 928 dudta
758 898 789 928 a
808 885 979 928 lucida
1000 884 1219 927 Coronae
1246 883 1469 926 borealis
1494 894 1587 936 per
1612 893 1803 935 corpus
1827 882 1863 935 ²*
1886 881 2113 924 incidere
2131 881 2240 924 Visa
2262 882 2332 925 est
2351 883 2403 925 in
2422 893 2514 926 cor

359 943 613 1044 sego-{lgm
625 1004 862 1054 tempore
877 1000 1094 1043 distabat
1111 998 1147 1056 'b
1160 1012 1191 1041 a
1205 999 1398 1041 stellula
1415 998 1548 1040 intra
1569 1000 1726 1051 caput
1739 1000 1789 1040 et
1803 996 1981 1051 pectus
1996 996 2061 1053 m)
2076 997 2349 1040 constituta
2366 1000 2514 1040 tanto

357 1058 646 1110 interuallo,
669 1062 922 1113 quantum
942 1058 1011 1101 est
1035 1058 1167 1100 inter
1187 1057 1317 1099 duas
1342 1057 1394 1098 in
1421 1056 1678 1099 anteriore
1703 1056 1835 1109 pede
1855 1055 1999 1098 Vrsae
2020 1055 2234 1099 maioris
2253 1056 2337 1099 vel
2356 1057 2514 1109 paulo

358 1117 487 1170 plus.
1174 1173 1283 1215 DIE
1307 1172 1359 1214 ιο
1375 1171 1699 1223 JANUARIJ.

417 1243 563 1286 Hora
582 1244 610 1286 6
629 1248 748 1287 ante
768 1244 1053 1286 meridiem.
1069 1242 1187 1284 Vidi
1206 1242 1405 1285 oculari
1429 1240 1739 1295 inspecstione
1757 1242 1804 1296 ὅ
1823 1241 2123 1284 existentem
2148 1241 2201 1283 in
2218 1241 2355 1284 linea
2374 1239 2515 1284 recsta

358 1300 512 1344 ducsta
533 1314 564 1344 a
584 1302 730 1345 chele
751 1302 950 1345 boreali
970 1300 1154 1343 Cancri
1173 1312 1264 1354 per
1282 1301 1494 1342 Asinum
1515 1300 1784 1342 borealem
1808 1299 1860 1341 in
1879 1299 2113 1342 medium
2133 1299 2364 1353 spacium
2383 1299 2516 1342 inter

356 1360 586 1414 Praesepe
605 1363 655 1403 et
669 1360 879 1402 Afinum
900 1359 1192 1409 australem,
1209 1358 1583 1411 distantemque
1602 1357 1655 1399 in
1673 1357 1760 1399 illa
1780 1357 1915 1400 linea
1936 1358 2002 1399 ab
2017 1357 2170 1399 Asino
2191 1357 2390 1400 boreali
2404 1369 2516 1400 ver-

358 1418 439 1460 sus
459 1418 857 1472 septentrionem
875 1420 1021 1460 tanto
1041 1417 1314 1459 interuallo
1330 1419 1582 1470 quantum
1600 1415 1725 1457 illud
1739 1416 1878 1469 quod
1898 1415 2030 1458 inter
2050 1416 2181 1458 duas
2199 1415 2251 1457 in
2272 1415 2517 1458 anteriori

356 1476 489 1529 pede
503 1476 645 1518 Vrsae
666 1476 878 1519 maioris
899 1475 1126 1518 cernitur
1143 1474 1401 1530 (Videlicet
1419 1474 1470 1516 1g
1482 1474 1596 1529 30⁴);
1611 1474 1793 1517 notaui
1811 1474 1985 1527 itaque
2005 1474 2057 1516 in
2076 1475 2233 1527 plano
2254 1474 2373 1516 loca
2391 1473 2517 1515 fixa·

356 1545 474 1576 rum
492 1533 635 1576 iuxta
655 1534 1042 1587 praecessionem
1061 1531 1352 1587 aequinodtij
1375 1532 1521 1575 verni
1546 1532 1648 1575 hoc
1668 1535 1905 1585 tempore
1923 1531 2063 1587 (quae
2083 1532 2152 1575 est
2170 1532 2226 1573 27
2234 1531 2256 1556 Ε
2273 1531 2366 1586 46‘)
2388 1531 2516 1574 veri-

356 1591 530 1643 ficam,
552 1594 603 1634 et
620 1592 827 1635 inuenio
847 1593 1025 1635 locum
1049 1592 1096 1646 (ᾗ
1120 1603 1185 1634 ex
1204 1590 1470 1645 praemissis
1490 1590 1847 1645 investigatum
1864 1590 1917 1632 1ιζ
1933 1590 2001 1632 10’
2017 1589 2125 1633 fere
2141 1589 2194 1647 <Q
2209 1601 2333 1632 cum
2351 1589 2517 1632 latitu-

357 1649 475 1692 dine
493 1650 550 1692 4‘
561 1651 605 1692 5⁴
621 1650 836 1693 Boreali.

415 1707 567 1751 Nota.
588 1709 635 1763 ἅ
653 1708 748 1750 fuit
767 1707 909 1751 circa
929 1709 1019 1758 ΘΗΒ
1029 1713 1069 1757 ὁ)
1082 1740 1093 1758 ,
1107 1708 1338 1750 calculus
1351 1707 1695 1760 Alphonfinus
1709 1717 1774 1749 ex
1789 1706 1940 1760 Cypr.
1960 1706 2083 1748 Leo.
2100 1705 2225 1759 Eph.
2235 1707 2282 1760 ὅ
2294 1705 2432 1748 28221
2442 1710 2514 1757 fi,

357 1766 586 1808 calculus
605 1766 903 1808 Prutenieus
923 1777 988 1808 ex
1006 1765 1150 1808 Stadi
1169 1765 1381 1819 Ephem.
1399 1766 1446 1819 d*
1464 1765 1520 1807 3⁸³
1537 1765 1605 1807 13⁴
1623 1764 1691 1821 Ω.
1705 1765 1926 1818 Superat
1943 1764 2093 1818 igitur
2112 1765 2259 1807 locus
2280 1764 2517 1807 obserua-

354 1823 508 1867 tionis
515 1824 887 1877 Alphonlinum
901 1827 1105 1867 motum
1115 1824 1143 1866 3
1155 1823 1360 1866 circiter
1373 1823 1633 1877 gradibus,
1646 1826 1697 1866 et
1709 1823 1937 1866 anterior
1947 1822 2016 1865 est
2027 1822 2298 1876 Copernici
2311 1822 2516 1865 calculo

354 1881 383 1923 2
402 1881 660 1936 gradibus.
684 1882 926 1925 Latitudo
946 1893 1073 1925 vero
1092 1881 1357 1935 Vtriusque
1384 1881 1571 1924 calculi
1596 1881 1839 1924 conuenit
1863 1881 1973 1923 fere
1993 1891 2114 1923 cum
2139 1879 2513 1924 obseruatione.

1169 1986 1280 2028 DIE
1304 1985 1356 2028 18
1371 1985 1399 2037 J
1402 1985 1684 2037 ANUARIJ
1689 2018 1699 2028 .

413 2055 563 2099 Circa
583 2056 811 2099 mediam
833 2054 1040 2099 notstem
1060 2056 1358 2110 sequentem
1379 2058 1491 2098 erat
1512 2057 1559 2110 d*
1579 2056 1631 2098 in
1650 2055 1786 2098 linea
1805 2053 1948 2097 redta
1967 2066 2060 2108 per
2078 2054 2344 2108 Vtriusque
2364 2054 2517 2098 Canis

354 2114 554 2157 lucidas
580 2114 747 2157 stellas
767 2113 937 2165 ducta,
958 2114 1010 2156 in
1030 2126 1190 2168 quam
1210 2114 1367 2156 etiam
1390 2114 1538 2156 chele
1558 2113 1783 2156 borealis
1803 2118 1859 2164 εἷς,
1879 2116 1930 2155 et
1954 2124 2046 2167 pes
2072 2113 2304 2156 australis
2323 2112 2515 2163 incidit,

355 2170 510 2215 ducta
528 2172 733 2226 insuper
755 2172 890 2215 linea
915 2170 1057 2215 recsta
1082 2184 1114 2214 a
1134 2172 1305 2226 capite
1329 2171 1585 2215 inferioris
1602 2172 1651 2227 ]1
1668 2183 1762 2225 per
1787 2171 1984 2214 stellam
2001 2172 2049 2225 ἅ
2066 2171 2246 2214 incidit
2269 2171 2357 2213 illa
2380 2170 2517 2213 infra

355 2241 449 2274 cor
468 2229 522 2288 Ω
542 2231 746 2274 duobus
766 2230 972 2274 circiter
990 2230 1234 2285 gradibus
1253 2230 1325 2273 ita
1344 2233 1399 2272 Vt
1419 2230 1558 2273 stella
1579 2229 1752 2273 cordis
1772 2229 1891 2273 esset
1911 2228 2369 2283 septentrionalior.

1173 2335 1284 2377 DIE
1308 2334 1360 2377 19
1374 2334 1402 2386 J
1405 2334 1685 2386 ANUARIJ
1690 2367 1700 2377 .

413 2404 562 2448 Circa
579 2404 632 2447 10
645 2406 693 2449 Ρ.
704 2405 774 2448 M.
788 2405 1180 2449 obseruauimus
1192 2404 1447 2448 beneficio
1460 2405 1599 2459 Radij
1615 2403 1946 2447 astronomici
1959 2403 2252 2447 distantiam
2270 2404 2317 2459 ἀ
2336 2416 2368 2447 3
2379 2403 2516 2447 Cane

355 2462 556 2506 minore
575 2463 661 2506 21⁸
672 2463 762 2515 33⁴,
784 2475 816 2506 a
837 2464 995 2507 corde
1017 2463 1070 2521 Ω
1090 2463 1176 2506 262
1187 2463 1283 2514 40‘3
1306 2463 1566 2506 stellarum
1587 2463 1823 2506 distantia
1841 2463 1919 2506 37⁰
1928 2462 1989 2505 0¹.

413 2521 473 2563 Et
485 2521 759 2564 Videbatur
775 2523 823 2577 (ᾖ
840 2522 892 2564 in
911 2520 1054 2565 recsta
1067 2522 1203 2564 linea
1217 2533 1336 2575 quae
1351 2521 1641 2564 ducebatur
1654 2534 1686 2564 a
1701 2521 1870 2575 capite
1890 2521 2146 2569 inferioris
2160 2521 2208 2576 ][
2225 2520 2293 2562 ad
2305 2520 2517 2562 Asinum

356 2579 644 2631 Borealem,
664 2591 955 2634 parumque
973 2581 1109 2622 vltra
1128 2580 1319 2622 lineam
1340 2578 1551 2622 ductam
1572 2592 1603 2622 a
1623 2580 1771 2622 chele
1788 2579 1990 2622 Boreali
2009 2590 2102 2632 per
2121 2579 2309 2633 pedem
2330 2578 2518 2621 austra-

354 2638 460 2680 lem
482 2638 674 2681 cancri.
697 2639 756 2680 Et
774 2638 826 2680 in
844 2638 981 2680 linea
1005 2637 1165 2680 etiam
1185 2636 1340 2680 ducta
1360 2638 1426 2680 ab
1446 2638 1600 2680 Afino
1622 2638 1691 2680 M.
1713 2649 1806 2691 per
1824 2637 2056 2691 praesepe
2081 2637 2257 2680 versus
2278 2637 2514 2680 Boream.

356 2694 576 2739 Lineam
594 2707 722 2739 vero
741 2695 1008 2750 Vtriusque
1028 2696 1173 2739 canis
1192 2697 1409 2750 paulum
1429 2696 1648 2750 egressus
1667 2698 1794 2739 erat.

356 2798 889 2844 OBSERUATIONES
902 2801 1015 2843 PER
1027 2800 1291 2844 RADIUM
1307 2800 1377 2842 IN
1390 2800 1602 2843 NOCTE
1614 2800 1783 2851 QUAE
1795 2799 2121 2851 SEQUITUR
2134 2798 2300 2842 DIEM
2313 2798 2404 2850 25J
2406 2798 2514 2843 AN.

672 2858 1046 2911 SEQUENTES
1067 2858 1600 2902 OBSERUATIONES
1620 2858 1794 2902 SUNT
1815 2857 2067 2901 MATUTI
2074 2857 2206 2901 NAE.

413 2927 719 2972 Distantiam
737 2929 871 2972 inter
889 2929 1084 2983 spicam
1100 2928 1165 2985 m)
1180 2931 1231 2971 et
1251 2926 1287 2984 ἦ
1307 2927 1392 2970 21²
1404 2927 1494 2980 50⁴,
1511 2928 1746 2971 distantia
1765 2927 1898 2970 inter
1917 2925 2183 2970 arcturum
2202 2929 2254 2970 et
2274 2925 2311 2985 ἦ
2330 2926 2416 2969 35³
2424 2926 2514 2969 30¹.

414 2986 473 3030 Et
486 2986 705 3030 distabat
715 2985 752 3046 b
765 2999 797 3030 a
810 2987 1035 3030 secunda
1051 2987 1161 3041 post
1179 2986 1325 3029 illam
1339 2986 1391 3028 in
1410 2987 1495 3029 ala
1506 2985 1571 3043 m)
1584 2998 1702 3040 quae
1721 2986 1790 3030 est
1804 2985 2169 3041 magnitudinis
2180 2986 2349 3028 tertiae
2360 2986 2386 3028 7
2393 2985 2416 3010 ἕ
2424 2985 2514 3028 52¹.

354 3044 675 3147 ζὲζὲιξᾶκῗτο
703 3046 858 3089 stellae
876 3045 934 3088 4⁸
956 3046 1008 3088 15
1028 3047 1084 3100 Q
1103 3056 1227 3088 cum
1249 3044 1400 3088 Latit.
1424 3045 1807 3099 septentrionali
1831 3044 1888 3087 2⁸
1898 3044 1972 3087 50·
1989 3044 2195 3098 qualem
2223 3046 2274 3087 et
2294 3041 2331 3100 b
2351 3043 2517 3086 ferme

414 3175 426 3200 ¹
448 3179 646 3219 Langebek
658 3178 846 3211 historicus
857 3179 896 3210 in
909 3179 1000 3210 libro
1015 3179 1195 3210 intitulato
1209 3179 1378 3210 »Danske
1392 3179 1580 3219 Magazin«
1595 3175 1646 3216 (11
1659 3188 1694 3219 p.
1706 3180 1782 3217 179,
1796 3173 1899 3217 1746)
1915 3177 2011 3216 dicit,
2021 3178 2238 3217 Tychonem
2251 3181 2335 3209 ante
2349 3177 2516 3208 observa-

353 3224 476 3258 tiones
488 3225 575 3257 anni
592 3227 678 3257 1568
693 3227 765 3258 hos
777 3226 901 3257 versus
916 3226 1094 3265 reripfisse:

952 3273 1134 3312 Tempora
1145 3272 1326 3308 labuntur,
1341 3272 1540 3312 tacitisque
1547 3272 1767 3304 senescimus
1781 3271 1897 3308 annis,

954 3320 999 3350 Et
1011 3319 1164 3359 fugiunt,
1178 3319 1282 3350 freno
1297 3327 1374 3350 non
1387 3324 1605 3355 remorante,
1620 3319 1709 3350 dieo.

355 3365 427 3397 Sed
439 3366 477 3397 in
490 3365 610 3397 nostro
624 3366 753 3398 codice
766 3366 805 3397 hi
817 3366 942 3397 versus
957 3375 1033 3397 non
1047 3366 1292 3397 inveniuntur.
