2742 4204
385 316 484 366 294

381 449 481 491 fuit
498 447 783 490 declinatio
795 446 855 488 23
882 446 977 494 223.
994 447 1170 499 qualis
1189 445 1243 487 in
1263 444 1421 486 meri-

382 506 469 549 die
489 505 596 547 sine
618 505 764 547 omni
781 502 1108 546 refractione.

439 564 525 605 Ex
542 563 631 604 his
657 562 838 614 colligi
857 562 1054 615 poterit
1076 561 1224 603 iuxta
1252 559 1420 602 altitu-

382 622 559 663 dinem
595 621 643 662 11
671 619 901 673 partium
937 618 1113 672 qualis
1145 618 1232 660 hic
1264 616 1339 659 est
1364 617 1418 657 in

379 678 587 721 solstitio
596 677 839 731 hyberno
849 677 1060 718 declina
1067 676 1260 718 tionem
1271 673 1418 717 fuiBe

377 747 481 789 per
510 734 874 778 refractionem
914 733 1119 776 auctam
1158 731 1419 785 scrupulis

380 794 444 845 33,
468 792 792 836 conferendo
820 792 1093 844 Vtriusque
1114 790 1225 843 diej
1248 788 1419 832 obser-

385 850 612 902 uatione,
634 861 754 893 cum
777 850 980 892 interea
1000 859 1189 891 reuera
1215 847 1417 889 mutata

381 908 755 960 declinatione,
777 909 833 950 at
848 906 888 948 Ji
905 907 959 948 in
981 905 1314 948 altitudinem
1337 914 1419 945 re-

380 967 592 1019 digatur
616 966 793 1008 adhuc
822 966 950 1018 plus
983 962 1224 1006 retractio
1256 962 1309 1004 in
1342 962 1419 1003 al-

384 1026 489 1067 tum
518 1023 793 1076 consurgit,
818 1023 958 1064 vnde
984 1032 1088 1063 non
1115 1020 1415 1062 mirandum

379 1082 538 1124 solem
572 1082 626 1123 in
659 1080 865 1124 solstitio
902 1079 1125 1121 hiberno
1157 1087 1417 1131 apparere

379 1141 407 1181 5
434 1141 521 1181 vel
544 1140 571 1181 6
594 1138 854 1191 scrupulis
880 1137 1120 1179 altiorem
1149 1146 1308 1188 quam
1336 1145 1417 1176 re-

384 1208 509 1239 uera
530 1197 601 1239 sit.

436 1256 495 1297 In
517 1253 792 1296 altitudine
818 1253 872 1294 17
883 1252 1115 1306 partium
1137 1250 1420 1303 respondet

380 1313 556 1355 adhuc
579 1310 819 1354 refractio
845 1309 1221 1352 declinationis
1251 1309 1289 1350 1⁴
1307 1307 1415 1359 45⁴⁴,

381 1371 539 1423 atque
554 1370 672 1413 haec
692 1368 766 1411 est
783 1368 1004 1410 minima
1026 1367 1247 1409 altitudo
1265 1366 1320 1408 in
1337 1365 1419 1407 su-

376 1427 576 1482 periori
601 1426 890 1471 Germania
922 1425 1011 1468 vbi
1039 1424 1418 1478 Regiomonta-

380 1497 483 1527 nus
503 1487 558 1528 et
581 1485 848 1527 Vernerus
870 1483 1030 1526 solem
1060 1482 1414 1525 obseruarunt.

436 1544 494 1585 In
516 1542 793 1585 altitudine
814 1542 872 1584 25
891 1542 1117 1595 apparet
1133 1540 1237 1582 adh
1247 1551 1311 1582 uc
1331 1540 1418 1582 de-

379 1601 594 1644 clinatio
601 1598 1075 1654 perrefracftionem
1090 1600 1105 1643 Ξ
1118 1597 1418 1640 Vniusscru-

374 1659 492 1712 puli
509 1658 638 1701 iusto
658 1658 842 1701 maior.

702 1763 811 1805 DIE
835 1762 887 1804 19
901 1762 1095 1813 JUNIJ.

378 1834 474 1875 Alt.
497 1839 540 1882 Θ
562 1832 741 1875 Merid.
763 1843 857 1885 per
877 1832 935 1882 Q.
957 1831 1097 1874 Tich.
1186 1832 1242 1873 57
1273 1831 1330 1873 22
1366 1831 1418 1873 10

564 1892 655 1933 Per
675 1890 733 1941 Q.
755 1891 941 1933 Portat.
1187 1890 1242 1931 57
1273 1889 1330 1931 22
1391 1889 1419 1931 0

565 1949 657 1991 Per
676 1948 734 1999 Q.
758 1948 897 1990 Max.
1186 1948 1242 1989 57
1273 1947 1330 1989 22
1365 1947 1417 1989 15

700 2053 809 2095 DIE
828 2052 886 2095 20
900 2052 927 2103 J
931 2052 1079 2103 UNIJ
1085 2085 1094 2094 .

375 2125 466 2166 Per
485 2123 544 2174 Q.
566 2123 775 2165 Tichon.
1186 2123 1243 2163 57
1279 2121 1350 2168 18³2

375 2183 466 2224 Per
486 2181 544 2232 Q.
567 2182 754 2224 Portat.
1186 2181 1242 2222 57
1278 2179 1353 2226 18}

375 2241 466 2282 Per
486 2239 544 2290 Q.
569 2240 706 2281 Max.
1186 2240 1242 2281 57
1278 2238 1330 2280 19
1343 2249 1418 2281 fere

698 2332 809 2374 DIE
827 2332 885 2374 22
899 2332 927 2383 J
931 2331 1094 2381 UNIJ.

375 2404 467 2445 Per
486 2402 545 2454 Q.
566 2402 778 2445 Tichon.
1186 2403 1241 2444 57
1278 2402 1353 2447 102¹.-

436 2461 551 2503 Non
570 2464 682 2504 erat
702 2460 834 2503 bene
855 2461 1106 2503 serenum.

702 2565 810 2606 DIE
830 2565 885 2607 23
901 2564 1095 2615 JUNIJ.

376 2635 468 2677 Per
487 2634 546 2685 Q.
567 2635 778 2677 Tichon.
1186 2636 1242 2676 57
1303 2636 1354 2680 53.

435 2690 488 2735 ἐν
516 2690 692 2735 πλάτει
729 2696 941 2746 propter
977 2693 1140 2735 nubes
1171 2692 1419 2735 intercur-

377 2754 561 2794 rentes.

702 2809 810 2850 DIE
830 2809 886 2850 24
902 2809 929 2859 J
936 2808 1080 2859 UNIJ
1085 2841 1095 2851 .

375 2879 467 2920 Per
487 2878 546 2929 Q.
567 2878 778 2921 Tichon.
1186 2879 1242 2920 57
1303 2878 1331 2921 0
1361 2879 1418 2921 40

377 2937 469 2978 Per
487 2937 673 2979 Portat.
1186 2937 1241 2978 57
1308 2937 1324 2978 1
1361 2937 1418 2979 20

376 2995 467 3037 Per
487 2994 546 3045 Q.
570 2994 709 3037 Max.
1187 2995 1241 3036 57
1307 2995 1324 3036 1
1366 2995 1418 3037 15

702 3087 811 3128 DIE
831 3086 887 3129 25
902 3086 929 3137 J
935 3086 1080 3136 UNIJ
1086 3119 1095 3129 .

376 3158 468 3199 Per
488 3157 547 3208 Q.
569 3157 757 3200 Portat.
1187 3156 1244 3199 56
1274 3158 1354 3202 55⁴}

376 3216 468 3257 Per
487 3214 547 3266 Q.
571 3215 710 3257 Max.
1188 3215 1244 3257 56
1274 3215 1355 3260 55}

436 3273 553 3316 Non
573 3276 685 3315 erat
706 3272 824 3315 satis
844 3273 1095 3315 serenum.

1393 309 1517 361 1584

1816 441 1927 482 DIE
1945 440 2001 483 27
2016 439 2209 491 JUNIJ.

2299 510 2356 552 56
2386 510 2465 557 43⁴}

1491 514 1582 555 Per
1601 511 1661 562 Q.
1682 511 1894 553 Tichon.

1490 571 1583 612 Per
1602 569 1661 620 Q.
1684 570 1873 610 Portat.
2300 568 2356 611 56
2386 569 2442 611 43

1815 671 1927 713 DIE
1945 670 2002 712 28
2017 670 2044 721 J
2049 670 2195 723 UNIJ
2200 703 2210 714 .

1490 743 1582 784 Per
1601 741 1660 791 Q.
1683 740 1892 783 Tichon.
2300 741 2358 784 56
2387 742 2469 788 36}

1489 801 1581 842 Per
1602 798 1661 849 Q.
1681 799 1871 840 Portat.
2298 799 2356 841 56
2386 800 2467 846 361}

1815 902 1925 944 DIE
1944 901 2001 944 29
2016 902 2044 953 J
2049 902 2194 953 UNIJ
2200 934 2210 944 .

1489 973 1582 1014 Per
1601 971 1660 1022 Q.
1681 971 1894 1015 Tichon.
2300 972 2358 1015 56
2387 972 2446 1016 29
2474 973 2532 1016 30

1489 1031 1581 1071 Per
1599 1030 1787 1072 Portat.
2301 1030 2358 1072 56
2388 1030 2445 1073 29
2475 1031 2532 1073 30

1489 1089 1582 1129 Per
1601 1086 1660 1138 Q.
1684 1087 1824 1129 Max.
2301 1088 2359 1131 56
2388 1088 2446 1131 29

1815 1191 1925 1233 DIE
1944 1191 2002 1234 30
2019 1191 2046 1243 J
2051 1191 2212 1243 UNIJ.

1489 1262 1582 1303 Per
1601 1261 1660 1312 Q.
1682 1261 1893 1304 Tichon.
2301 1262 2358 1305 56
2388 1263 2445 1304 22
2504 1262 2532 1305 0

1489 1320 1582 1362 Per
1601 1319 1660 1370 Q.
1682 1320 1871 1361 Portat.
2298 1320 2356 1363 56
2386 1321 2443 1363 22
2502 1320 2530 1363 0

1490 1378 1583 1419 Per
1602 1377 1661 1428 Q.
1685 1377 1825 1419 Max.
2299 1378 2356 1420 56
2387 1379 2444 1420 22
2503 1378 2531 1420 0

1832 1470 1942 1512 DIE
1966 1470 1984 1512 1
2004 1469 2194 1522 JULIJ.

1490 1541 1582 1582 Per
1601 1539 1660 1591 Q.
1681 1540 1893 1582 Tichon.
2301 1540 2358 1583 56
2393 1540 2445 1583 14
2474 1540 2532 1583 20

1489 1599 1581 1640 Per
1601 1598 1660 1648 Q.
1682 1598 1870 1641 Portat.
2301 1597 2359 1640 56
2393 1598 2446 1641 14
2475 1598 2533 1641 20

1489 1657 1582 1699 Per
1601 1655 1660 1707 Q.
1685 1656 1824 1699 Max.
2301 1655 2359 1699 56
2393 1656 2446 1699 14
2474 1656 2532 1700 30

1836 1760 1946 1802 DIE
1965 1759 1993 1802 2
2007 1759 2035 1811 J
2041 1760 2193 1811 ULIJ.

1489 1832 1581 1873 Per
1601 1831 1660 1882 Q.
1682 1830 1893 1873 Tichon.
2302 1829 2359 1872 56
2417 1832 2446 1873 5
2475 1830 2532 1872 45

1489 1890 1582 1932 Per
1601 1888 1661 1940 Q.
1683 1889 1869 1931 Portat.
2300 1888 2358 1931 56
2416 1889 2493 1931 6fe

1488 1948 1582 1990 Per
1601 1946 1660 1998 Q.
1685 1947 1825 1989 Max.
2302 1947 2359 1990 56
2417 1946 2446 1989 6
2505 1946 2533 1989 0

1833 2052 1942 2093 DIE
1962 2051 1989 2094 3
2005 2051 2032 2102 J
2037 2051 2179 2102 ULIJ
2184 2083 2195 2094 .

1489 2123 1583 2165 Per
1601 2121 1661 2172 Q.
1681 2121 1894 2164 Tichon.
2302 2122 2359 2163 55
2389 2121 2469 2166 57ὲ

1490 2181 1583 2223 Per
1602 2179 1662 2231 Q.
1684 2181 1873 2223 Portat.
2301 2180 2358 2221 55
2389 2179 2469 2225 57}

1489 2239 1582 2281 Per
1601 2238 1661 2289 Q.
1685 2238 1824 2280 Max.
2301 2237 2358 2279 55
2388 2237 2465 2283 571

1830 2343 1940 2384 DIE
1959 2343 1985 2384 7
2001 2341 2029 2393 J
2034 2341 2176 2393 ULIJ
2181 2374 2191 2385 .

1489 2413 1582 2455 Per
1602 2412 1661 2463 Q.
1683 2412 1894 2455 Tichon.
2302 2412 2358 2453 55
2394 2410 2446 2453 19

1489 2471 1582 2513 Per
1601 2470 1661 2522 Q.
1682 2471 1871 2513 Portat.
2302 2470 2359 2512 55
2394 2468 2447 2511 19

1816 2575 1926 2617 DIE
1950 2574 1997 2617 ll
2017 2574 2044 2626 J
2049 2573 2192 2625 ULIJ
2196 2606 2206 2616 .

1489 2646 1580 2688 Per
1601 2645 1660 2696 Q.
1682 2645 1821 2688 Tich.
1845 2646 1884 2687 81
1905 2644 1964 2696 Q.
1987 2645 2119 2687 Port.
2303 2643 2362 2686 54
2391 2643 2471 2689 35÷

1489 2705 1582 2747 Per
1601 2703 1660 2755 Q.
1684 2704 1823 2746 Max.
2304 2701 2362 2744 54
2391 2701 2471 2748 35}

1550 2762 1667 2805 Non
1686 2765 1799 2805 erat
1818 2760 2063 2815 exquifite
2085 2761 2336 2804 serenum.

1817 2866 1927 2908 DIE
1951 2865 2003 2908 13
2019 2865 2047 2916 J
2054 2864 2210 2915 ULIJ.

1490 2937 1583 2979 Per
1602 2936 1661 2987 Q.
1683 2936 1897 2979 Tichon.
2304 2933 2362 2976 54
2396 2933 2449 2976 12
2509 2934 2538 2976 0

1491 2996 1581 3037 Per
1601 2994 1661 3046 Q.
1683 2996 1872 3038 Portat.
2304 2992 2361 3034 54
2396 2992 2448 3034 12
2509 2992 2537 3034 0

1816 3098 1925 3141 DIE
1950 3097 2003 3141 14
2017 3097 2044 3149 J
2050 3097 2207 3149 ULIJ.

1490 3158 1583 3199 Per
1602 3157 1661 3208 Q.
1683 3157 1895 3200 Tichon.
2305 3154 2361 3198 53
2392 3154 2451 3197 59
2510 3153 2538 3197 0

1491 3216 1583 3257 Per
1602 3215 1662 3266 Q.
1683 3216 1871 3258 Portat.
2306 3213 2363 3256 53
2392 3212 2450 3255 59
2509 3212 2537 3254 0

1491 3273 1583 3315 Per
1603 3272 1662 3324 Q.
1686 3273 1827 3315 Max.

2306 3270 2363 3313 53
2393 3269 2474 3316 59ὲ
