2742 4204
1291 312 1419 365 1585
2356 315 2462 369 427

414 453 526 496 DIE
546 452 605 496 26
626 451 996 496 DECEMBRIS
1015 452 1064 495 P.
1083 452 1153 495 M.
1551 454 1663 497 DIE
1683 454 1742 498 29
1762 454 2134 498 DECEMBRIS
2155 455 2214 498 A.
2233 455 2303 498 M.

463 525 554 568 Per
577 524 775 576 Quadr.
797 523 1102 568 Portatilem
1392 525 1493 568 Alt.
1516 525 1676 570 stellae
1696 525 1895 580 polaris
1917 525 2042 569 min.

249 583 388 627 Altit.
412 583 570 628 stellae
590 583 787 639 polaris
807 595 950 627 max.
1079 582 1137 626 58
1169 583 1227 626 50
1263 583 1316 626 15
1808 597 1905 640 per
1924 585 1985 638 Q.
2008 586 2200 629 Ponat.
2223 586 2281 629 52
2312 586 2371 629 58
2402 587 2461 630 50

249 643 349 686 Alt.
373 643 498 686 min.
521 644 622 687 luc.
639 643 696 701 Π
709 642 857 687 Vrsae
878 643 1002 686 min.
1078 642 1131 686 41
1167 642 1247 690 45}
1605 644 1807 688 Eodem
1828 644 1912 688 die
1934 646 2001 688 ad
2022 644 2282 701 Vesperas

1391 703 1490 747 Alt.
1515 703 1674 747 stellae
1695 705 1894 759 polaris
1915 716 2059 748 max.

1806 775 1902 818 per
1922 764 1982 816 Q.
2005 765 2196 808 Portat.
2222 763 2281 808 58
2312 765 2422 812 501¹

308 892 452 936 Ηοο2
465 903 611 936 anno
629 892 742 936 1585
760 892 981 936 labente
1002 891 1092 935 die
1111 892 1166 935 14
1178 892 1507 936 Decembris
1531 893 1704 937 triduo
1720 892 1839 948 post
1855 893 2128 937 solstitium
2152 894 2457 949 hibernum,

247 952 382 996 hora
409 950 672 996 existente
697 951 851 996 iuxta
875 953 903 996 7
923 951 1285 1006 vespertinam
1314 965 1347 996 a
1372 951 1619 1005 meridie,
1649 954 1707 996 et
1743 958 1771 1005 (ζ
1800 953 1855 996 in
1887 953 1963 1000 143
1985 963 2042 1002 za
2068 956 2457 1008 commorante,

247 1011 575 1055 ascendente
604 1021 734 1055 uero
754 1011 935 1066 prima
963 1011 1187 1055 decuria
1213 1012 1283 1071 Ω,
1309 1023 1338 1069 (ζ
1360 1011 1416 1056 in
1445 1011 1638 1056 occasu
1669 1012 1938 1066 uersante,
1963 1012 2120 1068 posui
2144 1015 2456 1058 columnam

247 1070 523 1125 lapideam
549 1071 773 1114 teretem
799 1082 901 1126 pro
921 1070 1280 1116 fundamento
1306 1070 1362 1115 in
1384 1082 1491 1127 quo
1513 1070 1805 1130 Quadmns
1826 1072 2095 1116 Volubilis
2119 1071 2175 1115 in
2203 1073 2459 1117 turricula

247 1129 500 1175 orientali
526 1129 881 1186 obseruatorij
904 1129 1240 1187 subterranej
1267 1131 1617 1176 conuoluitur
1632 1142 1734 1186 pro
1760 1130 2140 1176 altitudinibus
2169 1133 2227 1176 et
2250 1133 2461 1176 azimu-

250 1189 319 1233 tis
338 1187 530 1234 exaeqe
545 1189 999 1245 peruestigandss.

304 1299 323 1372 ἑ
342 1302 576 1382 ssdscgn'lptum
590 1302 637 1335 est
646 1302 683 1334 in
699 1303 782 1335 cod.
792 1304 842 1335 V:
861 1304 946 1337 »Est
957 1304 1085 1345 itaque
1100 1314 1204 1336 anno
1217 1304 1382 1337 instante
1397 1304 1571 1336 distantia
1583 1305 1735 1345 polaris
1749 1304 1871 1337 aenae
1885 1314 1907 1337 a
1920 1306 2015 1345 polo
2030 1305 2072 1336 2⁰
2084 1302 2144 1336 55‘
2156 1302 2267 1336 50⁰«.

388 1359 434 1382 co
464 1350 518 1382 'ce
533 1352 577 1382 V.

2233 3461 2300 3490 54⁸
