2690 4178
741 332 1414 386 PROLEGOMENA
1441 335 1846 389 EDITORIS
2227 340 2396 393 XXV

198 474 289 520 diti
307 475 428 518 sunt
446 473 760 528 plerumque
780 472 972 515 calculi
991 473 1236 516 locorum
1255 474 1593 528 planetarum
1613 486 1680 517 ex
1700 476 2158 522 observationibus
2179 480 2319 533 facti,
2345 486 2396 526 et

198 546 267 591 ad
285 545 448 588 finem
469 543 593 587 anni
616 542 730 586 1582
748 543 1023 586 stellarum
1043 543 1276 587 fixarum
1292 545 1613 588 selectarum
1629 547 1966 591 ascensiones
1981 552 2143 592 rectae
2158 562 2397 604 quaerun-

196 621 295 661 tur.
328 615 662 671 Appendices
690 625 880 659 omnes
908 614 996 658 hae
1025 614 1133 657 suis
1163 626 1390 670 quaeque
1422 615 1553 659 locis
1581 616 1635 659 in
1663 617 1765 660 hac
1796 618 2024 662 editione
2052 619 2396 675 invenientur,

196 691 391 744 pra-‚ter
410 685 859 730 commentarium
876 685 943 728 de
961 685 1149 737 Marte,
1172 686 1260 740 qui
1280 686 1334 729 in
1351 686 1487 730 libro
1508 687 1945 731 observationum
1966 690 2089 733 anni
2113 691 2224 734 1585
2243 694 2398 736 tradi-

196 764 281 804 tus
300 761 400 811 est3
422 757 545 801 huic
566 756 709 800 enim
729 756 782 799 in
804 753 1044 810 operum
1066 759 1196 800 tom.
1219 756 1266 800 V
1286 758 1466 801 locum
1488 758 1756 813 assignare
1776 759 1940 803 satius
1959 761 2133 804 visum
2153 766 2246 805 est.

445 886 670 931 CODEX
690 886 755 929 V¹
778 906 834 922 =
853 886 1280 931 Vindobonensis
1299 888 1388 931 lat.
1415 887 1574 940 10709,
1596 889 1830 932 continet
1850 891 2151 946 catalogum

853 958 1127 1001 stellarum
1146 958 1235 1002 296
1254 970 1421 1014 prope
1441 960 1748 1003 Zodiacum.

269 1043 368 1087 Hic
395 1045 475 1086 est
499 1041 631 1084 liber
655 1041 827 1084 tenuis
851 1040 905 1084 in
930 1041 1038 1093 fol„
1066 1043 1371 1097 catalogum
1398 1043 1671 1086 stellarum
1695 1043 1970 1088 continens
1997 1048 2400 1101 praeparationis

197 1126 362 1160 causa
386 1113 613 1164 factum;
642 1111 1019 1166 descripsimus
1045 1124 1170 1156 eum
1195 1113 1249 1156 in
1271 1111 1371 1167 Op.
1392 1116 1523 1157 tom.
1547 1114 1617 1157 III
1643 1127 1693 1170 p.
1715 1114 1803 1158 409
1829 1119 1881 1158 et
1907 1117 1975 1159 ad
2001 1116 2163 1160 finem
2183 1121 2400 1163 secundi

198 1184 634 1231 observationum
651 1183 785 1227 tomi
803 1181 925 1239 (op.
947 1187 1077 1228 tom.
1100 1184 1190 1242 XI)
1208 1185 1390 1228 locum
1410 1185 1459 1229 ei
1478 1186 1879 1241 assignavimus.

266 1330 462 1372 Praeter
489 1328 589 1372 hos
617 1327 832 1371 codices
860 1327 914 1369 in
944 1327 1267 1371 bibliotheca
1287 1327 1684 1372 vindobonensi
1715 1329 1801 1372 alii
1829 1341 2040 1385 quoque
2068 1332 2402 1378 inveniuntur

197 1401 266 1445 ad
284 1400 596 1455 Tychonem
614 1399 951 1454 pertinenteS‚
977 1410 1207 1453 quorum
1227 1399 1484 1454 praecipui
1503 1403 1623 1443 sunt
1642 1403 1748 1444 tres
1767 1401 1943 1445 fasces
1963 1402 2196 1458 ingentes
2216 1406 2403 1460 epistu-

196 1473 370 1516 larum
390 1474 442 1515 et
461 1471 789 1522 chartarum,
818 1482 941 1524 quae
967 1471 1203 1514 calculos
1224 1473 1276 1513 et
1297 1471 1667 1515 annotationes
1689 1473 1959 1517 breviores
1980 1474 2248 1519 continent
2265 1476 2402 1534 (Vin-

197 1543 532 1587 dobonenses
563 1543 651 1585 lat.
690 1540 848 1593 10686,
887 1540 1045 1593 10688,
1084 1541 1259 1598 10689).
1297 1541 1366 1585 Hi
1397 1543 1551 1586 nobis
1579 1543 1840 1587 utilissimi
1867 1544 2079 1589 fuerunt
2106 1547 2158 1589 in
2188 1548 2402 1592 edendis

196 1614 403 1670 scriptis
421 1613 687 1669 Tychonis
708 1613 781 1670 (in
798 1613 960 1657 tomis
981 1613 1003 1655 I
1024 1616 1076 1656 et
1095 1613 1167 1656 IV
1186 1616 1239 1657 et
1257 1613 1323 1671 V)
1345 1617 1398 1657 et
1419 1615 1654 1669 epistulis
1679 1615 1919 1671 ejusdem
1945 1620 1997 1659 et
2022 1618 2091 1660 ad
2117 1629 2240 1662 eum
2267 1620 2401 1663 datis

195 1686 267 1744 (in
284 1686 446 1729 tomis
464 1685 560 1729 VII
581 1688 634 1728 et
652 1684 814 1741 VI11);
842 1687 897 1727 at
916 1696 1042 1728 cum
1061 1685 1115 1728 in
1134 1685 1196 1728 iis
1215 1685 1541 1740 paucissima
1561 1686 1910 1740 inveniantur,
1932 1699 2054 1742 quae
2074 1689 2208 1733 inter
2228 1692 2402 1735 obser-

196 1757 437 1802 vationes
456 1757 705 1812 ponenda
723 1755 933 1808 fuerint,
953 1756 1058 1800 hoc
1080 1757 1201 1800 loco
1222 1756 1348 1800 nihil
1368 1760 1631 1812 praeterea
1652 1758 1718 1802 de
1737 1758 1798 1802 iis
1820 1759 2124 1803 addendum
2144 1765 2237 1805 est.

267 1900 339 1944 IN
368 1900 472 1944 hac
500 1900 767 1956 Tychonis
797 1899 1234 1944 observationum
1264 1900 1493 1945 editione
1522 1902 1856 1946 conficienda
1888 1902 1974 1946 hae
2006 1904 2145 1959 leges
2174 1908 2402 1949 servatae

196 1975 331 2017 sunt.

267 2044 488 2088 Codices
503 2043 852 2097 Haunienses‚
873 2045 931 2087 ut
952 2043 1040 2098 qui
1053 2043 1198 2098 ipsas
1212 2043 1614 2088 observationes
1630 2044 1832 2100 primas
1847 2046 2170 2099 exhiberent,
2192 2059 2403 2103 semper

196 2115 362 2159 secuti
388 2126 589 2168 sumus,
616 2118 668 2159 et
692 2115 1071 2159 tantummodo
1097 2115 1189 2159 ubi
1211 2115 1293 2159 his
1314 2115 1510 2170 aliquid
1531 2116 1729 2169 deerat,
1758 2117 2023 2161 adhibitus
2044 2121 2123 2162 est
2141 2119 2313 2162 codex
2332 2119 2398 2171 V;

195 2189 311 2231 tum
329 2197 460 2231 vero
485 2187 539 2230 in
564 2187 674 2230 ima
698 2187 891 2243 pagina
917 2187 1192 2231 annotatio
1219 2187 1428 2243 adjecta
1452 2191 1552 2231 est:
1584 2188 1648 2230 »E
1669 2188 1856 2232 codice
1875 2188 1966 2233 V«.
1995 2189 2136 2233 Inter
2156 2190 2403 2234 observa—

195 2258 366 2302 tiones
375 2261 558 2302 tamen
569 2271 616 2302 a.
632 2258 760 2311 1585,
772 2259 879 2311 ubi,
893 2259 1017 2313 quia
1028 2259 1274 2303 codicem
1282 2258 1328 2302 V
1336 2258 1595 2314 inspicere
1606 2260 1844 2303 nondum
1855 2260 2090 2313 licuerat,
2104 2261 2147 2303 L
2159 2261 2401 2306 codicem

197 2330 344 2384 sequi
364 2329 540 2374 coacti
559 2341 761 2383 sumus,
782 2331 948 2374 talem
968 2330 1372 2374 annotationem
1393 2330 1590 2374 addere
1610 2332 1923 2386 plerumque
1942 2333 2351 2387 supersedimus.

267 2400 468 2444 Omnes
485 2400 904 2454 observationes,
925 2414 992 2446 ne
1006 2414 1114 2446 una
1129 2402 1345 2457 quidem
1359 2405 1599 2457 excepta,
1621 2403 2003 2446 exscribuntur.
2027 2404 2403 2447 Exscribuntur

196 2471 359 2516 etiam
385 2472 566 2516 omnia
591 2474 713 2517 loca
738 2475 1077 2529 planetarum
1106 2485 1202 2529 per
1227 2475 1465 2518 calculos
1492 2474 1716 2528 quaesita
1743 2477 1794 2517 et
1820 2475 2250 2529 comparationes
2277 2486 2401 2518 cum

196 2543 623 2599 ephemeridibus
648 2545 920 2598 Institutae;
951 2545 1044 2589 ubi
1070 2549 1254 2589 tamen
1278 2546 1406 2589 talia
1432 2547 1553 2589 loca
1580 2545 1714 2589 binis
1740 2547 1824 2589 vel
1852 2547 2013 2589 etiam
2039 2546 2274 2601 pluribus
2301 2548 2403 2590 cal-

197 2614 328 2659 culis
354 2615 578 2670 quaesita
603 2620 771 2670 erant,
801 2617 1050 2661 meliores
1079 2617 1427 2672 praetulimus.
1459 2617 1751 2661 Omisimus
1780 2618 2032 2670 calculos,
2063 2618 2251 2672 quibus
2281 2622 2402 2661 ante

196 2698 397 2730 annum
435 2686 548 2731 1582
585 2689 706 2733 loca
737 2688 872 2733 Solis
905 2689 1131 2744 quaesita
1163 2692 1335 2742 erant;
1375 2701 1504 2733 narn
1535 2689 1624 2733 illo
1656 2692 1899 2744 tempore
1930 2689 2194 2732 theoriam
2226 2692 2402 2732 motus

196 2757 394 2802 Solaris
413 2760 654 2803 nondum
673 2764 984 2805 correxerat
1001 2761 1201 2816 Tycho.

268 2828 372 2874 Ubi
391 2830 621 2885 suspicio
642 2834 792 2876 mota
813 2835 943 2885 erat,
965 2832 1018 2875 in
1038 2832 1377 2876 observando
1393 2835 1484 2875 aut
1498 2833 1863 2887 computando
1878 2843 2117 2876 errorem
2131 2841 2246 2875 esse
2260 2842 2402 2875 com-

195 2900 436 2954 missum,
459 2912 623 2957 opera
644 2903 888 2956 dabatur,
909 2907 968 2947 ut
985 2915 1082 2959 per
1101 2905 1339 2948 calculos
1359 2915 1526 2947 causa
1546 2905 1741 2948 erroris
1760 2904 2093 2959 reperiretur.
2124 2903 2239 2955 Hic,
2268 2903 2402 2946 sicut

195 2971 249 3015 in
268 2972 457 3017 ceteris
476 2974 715 3029 partibus
736 2986 962 3030 operum
980 2975 1263 3031 Tychonis‚
1293 2975 1438 3019 omni
1463 2975 1637 3019 studio
1665 2976 1967 3019 laboratum
1991 2978 2085 3027 est,
2112 2978 2169 3017 ut
2196 2974 2402 3017 numeri

197 3045 249 3086 et
266 3044 432 3088 verba
453 3056 618 3100 quam
637 3046 1072 3090 emendatissima
1091 3047 1529 3102 exprimerentur.

265 3115 340 3159 Eo
367 3116 552 3160 ordine
578 3117 874 3161 afferuntur
900 3118 1318 3171 observationes,
1347 3131 1506 3173 quem
1531 3119 1736 3173 praebet
1762 3119 1934 3162 codex
1954 3118 2000 3161 V
2019 3117 2187 3175 (Solis,
2218 3118 2399 3168 Lunae,

197 3185 407 3230 Saturni
433 3188 574 3246 etc.);
605 3188 679 3232 ita
708 3189 849 3233 enim
878 3190 1045 3233 voluit
1073 3190 1186 3245 ipse
1214 3190 1398 3245 Tycho
1427 3190 1549 3248 (vid.
1582 3191 1731 3233 locus
1759 3188 2209 3232 Mechanicorum
2241 3200 2401 3242 supra

195 3268 246 3311 p.
267 3257 338 3301 111
360 3259 584 3318 allatus).

269 3329 541 3375 Generalis
560 3332 646 3375 lex
665 3336 795 3385 erat,
817 3336 876 3376 ut
895 3333 1298 3377 observationes
1316 3334 1451 3377 tales
1472 3333 1911 3384 describerentur,
1937 3333 2118 3386 quales
2138 3331 2191 3374 in
2211 3330 2401 3374 codici-

198 3399 295 3444 bus
314 3400 688 3447 invenirentur.
719 3403 790 3448 Ut
809 3415 939 3447 vero
961 3404 1166 3448 chartae
1188 3408 1514 3460 parceretur,
1541 3415 1946 3458 nonnumquam
1965 3404 2019 3446 in
2036 3403 2277 3446 tabulam
2297 3402 2401 3445 col-

339 3473 409 3516 (D)
