2690 4178
725 301 1398 354 PROLEGOMENA
1424 302 1829 356 EDITORIS
2303 308 2384 359 111

252 443 321 485 At
349 441 454 485 alio
483 442 603 484 loco
633 439 745 492 fuit,
779 440 868 494 qui
899 451 1014 483 rem
1045 451 1321 495 aggressus
1350 444 1443 484 est.
1477 441 1819 485 ALBERTUS
1849 442 1991 485 enim
2021 443 2321 497 CURTIUS,
2355 457 2384 489 e

183 513 444 558 societate
453 511 482 564 J
485 523 594 563 esu,
616 514 794 554 rector
813 510 1017 565 collegii
1032 510 1365 566 Dillingensis
1381 510 1545 568 (quod
1559 511 1815 566 oppidum
1830 516 1910 555 est
1924 514 2065 567 apud
2080 515 2383 559 Danubium

181 584 375 640 situm),
404 582 494 638 qui
518 582 815 626 litterarum
835 581 1166 625 commercio
1188 593 1314 625 cum
1336 582 1564 636 Keplero
1586 582 1901 638 conJ'unctus
1921 587 2050 635 erat,
2078 586 2257 629 nescio
2279 599 2383 641 quo

181 655 345 699 modo
374 653 693 708 impetravit,
727 656 784 696 ut
817 652 1217 696 observationes
1249 653 1544 696 secundum
1576 664 1839 697 annorum
1869 654 2062 697 seriem
2090 655 2143 698 in
2173 656 2385 701 codices

180 725 542 780 transscriptae
567 724 620 767 in
647 735 839 767 manus
867 735 992 767 suas
1021 723 1372 778 pervenirent.
1403 723 1483 767 De
1513 724 1594 767 his
1621 724 1726 779 agit
1750 725 1934 779 Tycho
1960 725 2013 768 in
2038 725 2385 770 Mechanim‘s

180 798 288 855 (fol.
311 797 347 840 F
365 797 443 848 2v;
469 794 569 850 Op.
590 798 721 839 tom.
744 794 791 838 V
810 807 859 850 p.
886 794 1023 846 109,ae
1042 794 1193 851 sqq.)‚
1218 795 1309 838 ubi
1329 795 1396 838 de
1414 795 1476 838 iis
1497 794 1745 850 disputat,
1767 807 1888 850 quae
1908 808 2076 851 usque
2097 798 2166 840 ad
2186 810 2385 842 annum

185 868 296 912 1597
323 871 415 911 aut
444 866 556 910 1598
581 866 635 909 in
660 866 820 910 rebus
848 865 1221 910 astronomicis
1244 865 1559 920 perfecerat,
1586 866 1668 910 his
1688 867 1886 910 verbis:
1920 868 2179 911 »Peractae
2206 872 2386 912 autem

180 942 302 984 sunt
319 938 391 982 ibi
409 939 462 981 21
488 949 752 981 annorum
772 937 974 981 sedulae
989 937 1407 989 observationes,
1430 949 1564 992 quas
1577 937 1810 992 primum
1824 937 1878 981 in
1892 939 2097 994 magnis
2111 940 2387 983 volumini-

181 1011 280 1055 bus
311 1009 658 1064 conscriptas,
697 1012 885 1064 postea
916 1008 1143 1052 seorsim
1174 1008 1227 1051 in
1259 1008 1492 1063 singulos
1524 1008 1704 1061 libros,
1738 1021 1835 1064 pro
1869 1010 2104 1064 quolibet
2135 1010 2387 1054 nimirum

181 1093 322 1126 anno
349 1080 588 1124 distribui
614 1081 655 1124 81
682 1081 752 1124 ad
777 1080 1039 1123 mundum
1067 1079 1294 1123 describi
1320 1080 1524 1123 curavi:
1552 1080 1710 1134 idque
1729 1080 1822 1123 tali
1842 1081 2174 1124 ordinatione
2194 1083 2384 1137 peregi,

179 1157 238 1198 ut
264 1154 432 1197 stellae
460 1152 585 1195 fixae
611 1151 852 1203 seorsim,
885 1154 1146 1206 quotquot
1170 1151 1258 1195 illo
1286 1162 1428 1195 anno
1455 1151 1724 1195 denotatae
1751 1151 1914 1204 fuere,
1944 1164 2102 1195 suum
2128 1152 2387 1196 haberent

179 1227 375 1276 locum,
403 1224 632 1267 Planetae
652 1235 782 1266 vero
805 1234 992 1267 omnes
1018 1222 1295 1278 proprium
1320 1222 1658 1277 peculiariter
1678 1222 1719 1265 δι
1739 1223 1997 1275 distincte,
2028 1224 2326 1278 incipiendo
2355 1237 2386 1267 a

179 1296 300 1340 Sole
329 1295 371 1338 81
401 1295 568 1347 Luna,
604 1306 667 1338 ac
700 1306 795 1349 per
826 1294 1059 1349 reliquos
1089 1293 1320 1349 quinque
1348 1294 1588 1338 Planetas
1617 1295 1943 1338 transeundo
1973 1307 2141 1349 usque
2169 1295 2222 1338 in
2252 1296 2386 1339 Mer-

179 1367 433 1411 curium.«
455 1366 799 1420 Quamquam
819 1377 966 1418 vero,
987 1368 1046 1409 ut
1065 1377 1132 1408 ex
1150 1365 1232 1408 his
1252 1364 1429 1408 verbis
1448 1367 1595 1420 patet
1614 1368 1666 1408 et
1686 1365 1897 1409 aliunde
1913 1366 2072 1409 etiarn
2089 1369 2276 1410 notum
2291 1370 2384 1418 est,

173 1439 289 1495 Jam
311 1450 359 1481 a.
386 1437 499 1480 1576
520 1436 727 1480 Hvenae
754 1436 1155 1480 observationes
1181 1436 1452 1480 instituere
1478 1440 1732 1492 coeperat,
1762 1437 1829 1480 ab
1858 1449 1999 1481 anno
2026 1439 2244 1481 demum
2276 1438 2387 1481 1582

179 1509 359 1564 incipit
378 1509 466 1552 illa
479 1508 812 1552 voluminum
827 1508 1010 1561 series;
1034 1507 1436 1552 observationes
1450 1519 1580 1551 vero
1598 1511 1720 1551 ante
1734 1508 1876 1552 hunc
1893 1521 2094 1552 annum
2108 1509 2386 1562 institutas,

181 1581 304 1637 quia
329 1591 553 1624 numero
583 1580 864 1635 pauciores
894 1582 1061 1632 erant,
1092 1591 1391 1634 numquam
1417 1579 1493 1623 sic
1521 1579 1848 1623 distribuisse
1874 1580 2097 1634 videtur,
2128 1593 2227 1624 nec
2256 1581 2389 1624 liber

180 1664 271 1696 eas
298 1652 574 1696 continens
600 1651 722 1695 inde
748 1664 780 1694 a
806 1664 877 1694 m.
901 1651 1029 1695 Dec.
1053 1664 1100 1694 a.
1127 1650 1240 1694 1577
1266 1662 1529 1705 umquam
1550 1650 1728 1694 Curtio
1754 1651 1979 1695 traditus
2006 1655 2100 1704 est,
2128 1653 2222 1696 sed
2246 1652 2388 1706 apud

180 1724 468 1779 Keplerum
499 1723 792 1778 permansit
820 1725 872 1766 et
900 1734 1040 1766 nunc
1072 1722 1301 1766 Hauniae
1331 1725 1639 1765 asservatur
1668 1721 1869 1779 (noster
1897 1724 2071 1767 codex
2100 1724 2175 1781 B);
2209 1727 2388 1767 tomus

179 1798 376 1848 autem,
410 1794 499 1849 qui
531 1794 655 1837 anni
690 1793 802 1837 1593
833 1793 1235 1838 observationes
1265 1793 1587 1846 continebat,
1615 1794 1732 1849 Jam
1762 1797 1884 1838 ante
1914 1795 2126 1850 Kepleri
2156 1798 2388 1838 mortem

178 1867 336 1922 plane
360 1865 604 1921 perierat.
634 1865 752 1918 Quo
778 1869 938 1921 pacto
959 1878 1088 1910 vero
1111 1865 1514 1910 observationes
1539 1868 1654 1908 tam
1680 1865 1841 1909 nitide
1866 1865 2229 1921 transscriptae
2255 1865 2389 1909 inter

180 1950 371 1981 manus
392 1937 553 1980 Curtii
571 1937 924 1992 pervenerint,
950 1937 1296 1981 tradideritne
1315 1937 1428 1992 ipse
1449 1937 1645 1992 Kepler
1664 1949 1711 1980 a.
1738 1936 1867 1990 1621,
1897 1949 1965 1980 an
1985 1937 2279 1980 vendiderit
2300 1937 2389 1979 Su-

178 2021 347 2053 sanna
366 2008 475 2052 filia
488 2012 610 2064 post
622 2009 800 2052 mariti
814 2008 1087 2061 Bartsehii‚
1108 2008 1425 2063 professoris
1438 2007 1913 2064 Argentoratensis‚
1936 2008 2139 2052 obitum
2153 2008 2219 2065 (a.
2241 2007 2386 2065 1634),

179 2092 286 2125 non
311 2082 559 2125 constat.¹
588 2080 656 2124 At
682 2080 859 2125 Curtio
886 2081 1044 2136 plane
1069 2080 1310 2136 ignotum
1333 2079 1496 2123 fuisse
1522 2079 1746 2131 videtur,
1777 2079 1909 2123 alios
1939 2090 2151 2134 quoque
2178 2082 2388 2123 exstare

179 2188 263 2232 Qui
284 2189 335 2225 de
355 2189 436 2225 hac
455 2199 499 2225 re
520 2189 831 2234 Berneggerum
852 2188 1068 2225 certiorem
1088 2187 1195 2229 fecit,
1216 2187 1460 2224 Bartschius
1479 2190 1577 2228 erat,
1598 2197 1725 2232 gener
1745 2186 1922 2232 Kepleri.
1944 2187 2022 2223 1110
2043 2190 2183 2223 autem
2202 2190 2387 2232 tempore

179 2248 250 2291 (m.
270 2247 399 2293 Junio
419 2259 455 2284 a.
479 2249 585 2291 1631)
608 2249 702 2283 Dux
722 2248 774 2284 de
794 2247 1073 2284 Wallenstein
1094 2247 1137 2283 in
1158 2247 1258 2283 odio
1278 2250 1365 2283 erat
1385 2246 1639 2292 Imperatori.

252 2309 264 2333 1
304 2307 600 2349 KAESTNER,
622 2307 880 2344 GescIn‘chte
900 2309 976 2343 der
991 2307 1274 2343 Mathematik
1294 2307 1332 2342 11
1354 2306 1580 2352 (Gottingae
1604 2306 1710 2349 1797)
1731 2317 1769 2351 p.
1784 2307 1851 2342 651
1875 2316 1963 2352 sqq.
1984 2305 2230 2342 relationem
2249 2305 2386 2350 publi-

179 2366 297 2409 cavit,
324 2377 454 2413 quam
479 2367 547 2403 die
567 2378 655 2403 non
676 2366 885 2412 adscripto
906 2366 960 2402 ad
980 2365 1294 2403 Cancellarium
1314 2365 1504 2407 Austriae,
1532 2365 1741 2402 Comitem
1762 2365 1814 2402 de
1835 2365 2046 2401 Martinitz
2066 2364 2180 2401 dedit
2199 2364 2387 2406 Curtius:

179 2425 350 2462 inventa
379 2428 519 2462 autem
549 2430 635 2462 erat
663 2426 769 2462 inter
796 2425 965 2467 litteras,
994 2436 1090 2472 quae
1118 2426 1283 2462 fuerant
1310 2424 1559 2471 professoris
1588 2424 1814 2470 cujusdam
1839 2424 2184 2461 Vindobonensis
2215 2424 2388 2460 nomine

180 2485 454 2534 Popowitsch.
482 2485 565 2522 Hic
591 2485 733 2522 scribit
752 2484 923 2522 Curtius
943 2484 1198 2521 intellexisse
1218 2495 1312 2521 sese
1331 2495 1446 2520 anno
1470 2485 1560 2520 1634
1579 2487 1756 2521 exeunte
1775 2487 1988 2521 mortuum
2008 2495 2102 2521 esse
2123 2483 2388 2521 Bartschium

180 2544 373 2581 Laubani
393 2544 438 2580 in
459 2544 645 2586 Lusatia;
675 2541 1014 2581 »obseruationes
1035 2555 1107 2581 eas
1127 2555 1277 2580 omnes
1297 2547 1337 2580 et
1356 2543 1510 2589 scripta
1529 2543 1625 2585 alia,
1645 2543 1796 2589 partim
1818 2543 2022 2585 Laubani,
2042 2543 2193 2589 partim
2214 2544 2389 2579 Dresdae

179 2604 424 2650 obsignatas
449 2604 644 2651 beneque
670 2607 908 2641 asseruatas
933 2603 1100 2640 teneri«.
1128 2603 1228 2640 Petit
1253 2606 1406 2644 autem,
1432 2606 1478 2639 ut
1506 2603 1582 2639 »ad
1606 2602 1865 2640 vindicanda
1884 2614 1934 2639 ea
1955 2602 2106 2648 scripta
2126 2605 2166 2639 et
2190 2603 2389 2639 obserua-

106 2712 111 2715 .
178 2663 335 2700 tiones«
365 2663 495 2700 homo
520 2663 634 2700 fidus
661 2664 912 2700 Laubanum
939 2663 1139 2705 mittatur:
1173 2674 1294 2699 »nam
1322 2673 1420 2699 cum
1446 2662 1773 2709 quamplurimae
1798 2662 1843 2698 in
1870 2662 2024 2699 chartis
2054 2662 2235 2699 sordidis
2265 2665 2389 2709 atque

180 2722 502 2760 schediasmatis
523 2723 783 2769 consignatae
803 2723 898 2765 sint,
922 2722 1014 2759 fieri
1034 2722 1156 2760 facile
1175 2722 1320 2768 possit,
1345 2724 1388 2758 vt
1412 2733 1508 2768 quae
1527 2721 1834 2768 pretiosissima
1854 2721 2048 2758 omnium
2069 2725 2178 2763 sunt,
2204 2722 2389 2768 neglige-

179 2785 354 2819 rentur«.
374 2802 421 2807 —
443 2783 548 2820 Haee
569 2793 672 2819 sane
693 2782 916 2828 descriptio
936 2782 980 2818 in
1001 2782 1179 2823 codices,
1201 2780 1275 2827 qui
1294 2792 1411 2818 nunc
1424 2781 1690 2818 Vindobona:
1711 2783 1820 2823 sunt,
1841 2792 1929 2817 non
1949 2781 2070 2823 eadit,
2092 2782 2167 2818 sed
2185 2781 2325 2827 potius
2345 2781 2389 2816 in

180 2842 388 2889 quosdam
410 2841 685 2878 Haunienses
711 2845 784 2878 aut
803 2842 847 2877 in
867 2842 1024 2878 litteras
1044 2841 1192 2878 mixtas
1212 2840 1579 2878 Vindobonenses.
1606 2860 1649 2865 —
1672 2841 1838 2889 ‘Eodem
1859 2852 1973 2877 anno
1997 2842 2087 2877 1634
2107 2841 2237 2877 libros
2258 2852 2388 2876 manu

180 2901 355 2947 scriptos
386 2901 587 2947 quaesitos
616 2912 721 2943 esse,
751 2900 925 2938 aliunde
954 2901 1079 2937 etiam
1109 2900 1280 2938 scimus.
1311 2902 1423 2937 Nam
1452 2901 1490 2937 d.
1516 2902 1540 2937 6
1565 2912 1619 2937 m.
1640 2900 1755 2937 Febr.
1785 2912 1820 2936 a.
1851 2901 1942 2937 1638
1972 2900 2211 2937 Ludovicus
2241 2900 2390 2945 Kepler

180 2960 359 2998 Galilaeo
391 2960 567 3007 scripsit,
600 2961 952 3007 Christophorum
983 2960 1258 2997 Scheinerum
1288 2961 1343 2996 ad
1372 2961 1671 3006 Imperatorem
1704 2960 1909 3002 retulisse,
1944 2959 2280 2997 »observationes
2310 2960 2388 3005 Ty-

180 3020 331 3057 chonis
352 3020 503 3057 Brahei
523 3048 531 3056 .
547 3049 555 3057 .
571 3048 579 3056 .
596 3048 605 3056 .
625 3024 671 3056 ut
689 3023 729 3057 et
748 3021 945 3066 quaedam
966 3032 1013 3056 ex
1032 3020 1231 3066 operibus
1251 3019 1435 3065 parentis
1456 3019 1551 3063 mei,
1579 3020 1710 3056 instar
1729 3019 1918 3056 thesauri
1943 3030 2037 3056 esse
2064 3019 2325 3060 aestimanda,
2351 3021 2390 3054 et

179 3070 407 3126 propterea,
428 3091 482 3116 ne
502 3080 703 3117 omnibus
724 3080 1001 3121 innotescant,
1021 3079 1066 3115 in
1087 3079 1349 3117 Bibliotheca
1370 3079 1583 3125 Imperiali
1602 3080 1868 3121 reservanda,
1891 3090 1966 3125 pro
1986 3079 2133 3115 notitia
2154 3077 2287 3114 solius
2309 3079 2388 3113 Im-

179 3139 381 3185 peratoris
407 3142 447 3176 et
471 3150 717 3185 paucorum,
743 3139 912 3186 quibus,
938 3150 986 3175 ex
1012 3138 1218 3185 singulari
1245 3138 1387 3185 gratia,
1415 3139 1469 3175 ad
1494 3150 1600 3175 usus
1626 3139 1757 3176 libros
1784 3139 1886 3175 istos
1906 3138 2006 3175 velit
2028 3138 2290 3175 concedere«
2324 3138 2388 3172 In-

181 3198 383 3246 quisitum
404 3198 530 3245 igitur
548 3210 642 3235 esse
665 3202 782 3235 »ante
806 3198 1157 3245 quadriennium«
1181 3199 1295 3244 apud
1315 3209 1501 3235 sororem
1523 3210 1657 3240 suam,
1682 3198 1856 3235 viduam
1877 3197 2205 3238 Bartschianam,
2232 3198 2388 3232 essent-

181 3270 235 3295 ne
260 3258 356 3295 libri
382 3259 496 3304 apud
522 3258 657 3300 illam:
682 3262 828 3304 postea
854 3269 952 3294 vero
977 3257 1239 3294 Ludovicum
1263 3258 1489 3303 Keplerum
1516 3257 1561 3294 in
1587 3258 1730 3295 locum
1756 3258 1889 3294 alium
1914 3257 2108 3293 tutiorem
2135 3256 2231 3292 illos
2256 3258 2387 3291 trans-

180 3321 368 3363 portasse
392 3318 546 3364 (Opete
565 3319 608 3353 di
627 3318 875 3359 GALILEO,
902 3319 975 3354 Ed.
996 3328 1091 3353 naz.
1113 3318 1226 3354 XVII
1252 3329 1291 3363 p.
1312 3318 1411 3361 277).
1439 3317 1498 3353 Hi
1525 3320 1624 3353 sunt
1650 3317 1741 3353 sine
1768 3316 1899 3353 dubio
1924 3316 2021 3352 libri
2047 3314 2388 3352 observationum

182 3376 406 3423 archetypi,
427 3388 515 3413 non
535 3378 772 3422 exemplum
792 3377 1123 3422 transscriptum.

324 3437 417 3480 (A⁸)
