2690 4178
708 341 1379 396 PROLEGOMENA
1406 345 1809 400 EDITORIS
2164 351 2360 404 XXIII

234 484 471 528 Cometae
492 494 538 525 a.
566 479 701 524 1582
720 481 1120 524 observationes
1134 482 1294 526 nitide
1307 484 1669 538 transscriptae
1684 485 2042 540 foliaimplent
2055 487 2244 542 80—82‚
2266 493 2360 535 sed

165 556 323 599 vacat
348 553 437 597 fol.
459 551 561 596 8OV.
587 551 803 594 Addidit
829 551 1199 596 annotationes
1225 555 1505 597 nonnullas
1530 555 1642 609 ipse
1661 555 1860 609 Tycho.
1890 557 2075 612 Incipit
2099 559 2184 602 hic
2210 561 2360 605 fasci-

166 626 329 677 culus,
360 623 448 679 qui
476 622 710 667 continet
738 622 901 666 etiam
929 622 1163 677 priorem
1191 627 1401 678 partem
1431 625 1865 669 observationum
1894 632 2122 672 cometae
2153 643 2198 673 a.
2232 632 2357 676 1585.

164 697 372 741 Vacant
391 695 498 739 foll.
520 693 712 737 83—86.

235 767 471 811 Cometae
497 778 544 809 a.
571 764 707 808 1585
735 764 1136 808 observationes
1162 765 1356 819 partim
1382 766 1572 820 primae
1598 770 1734 818 sunt,
1763 768 1958 822 partim
1977 772 2356 826 transscriptae;

164 838 289 884 folia
308 838 528 892 implent
547 835 768 879 87—146.
789 835 988 879 Titulus
1009 847 1117 880 non
1138 840 1374 891 apparet,
1397 838 1491 880 sed
1507 838 1560 880 in
1577 849 1790 881 summo
1805 839 1894 882 fol.
1911 839 1967 882 87
1977 849 1992 867 r
2006 840 2079 883 sic
2094 841 2356 896 incipitur:

1096 931 1290 974 ANNO
1316 931 1428 974 1585

723 990 821 1033 Die
844 989 898 1032 18
919 989 1166 1034 Octobris
1188 1002 1312 1034 cum
1333 991 1552 1034 Haffnia
1575 1023 1796 1035 .......

163 1085 573 1132 Observationes
602 1085 670 1128 ab
701 1085 818 1129 Oct.
846 1085 896 1128 d.
928 1084 1100 1128 18—23
1130 1088 1181 1128 et
1209 1085 1342 1129 Nov.
1371 1086 1420 1129 d.
1449 1086 1596 1129 6—12
1624 1087 1858 1140 primum
1886 1087 2100 1142 scriptae
2129 1094 2280 1143 erant
2306 1092 2359 1134 in

163 1158 279 1203 cod.
299 1157 337 1201 C
356 1157 491 1201 inter
510 1160 716 1200 ceteras
737 1156 1154 1208 observationes,
1175 1157 1316 1200 unde
1335 1157 1388 1199 in
1408 1157 1550 1200 hunc
1571 1157 1816 1200 codicem
1835 1159 2196 1214 transscriptae
2216 1166 2356 1214 sunt;

162 1228 344 1285 paucis
371 1231 580 1272 tantum
609 1227 739 1271 locis
767 1227 922 1285 (Nov.
945 1227 973 1270 6
993 1230 1046 1270 et
1064 1227 1110 1284 7)
1138 1227 1275 1271 inter
1303 1239 1360 1271 se
1389 1229 1665 1282 paululum
1695 1229 1945 1272 differunt
1970 1229 2023 1272 hi
2050 1231 2277 1284 codices,
2308 1234 2360 1276 in

162 1300 349 1344 ceteris
380 1300 538 1355 plane
569 1302 880 1354 congruunt.
915 1298 1038 1342 Foll.
1072 1298 1352 1342 139¹·—146r
1381 1310 1504 1342 eam
1536 1300 1848 1343 relationem
1878 1301 2162 1354 continent,
2198 1315 2360 1356 quam

163 1371 420 1416 Guilelmo
447 1370 784 1426 Landgravio
812 1369 954 1413 misit
972 1370 1156 1425 Tycho
1183 1367 1303 1427 (Op.
1325 1369 1396 1413 VI
1422 1383 1471 1425 p.
1493 1370 1547 1413 41
1574 1370 1723 1428 sqq.).
1746 1371 1955 1414 Vacant
1980 1371 2086 1415 foll.
2114 1372 2357 1418 147—148.

232 1443 468 1487 Cometae
482 1455 529 1485 a.
549 1440 686 1485 1590
702 1441 1102 1485 observationes
1116 1453 1273 1485 suum
1287 1441 1604 1485 fasciculum
1618 1442 1853 1497 implent,
1877 1443 1965 1497 qui
1984 1443 2110 1486 folia
2130 1445 2361 1488 continet

165 1513 410 1566 149—175,
431 1525 461 1557 e
481 1512 671 1568 quibus
691 1515 888 1557 vacant
911 1512 1019 1556 149Υ
1038 1516 1091 1557 et
1114 1512 1384 1556 167—175r.
1412 1513 1794 1568 Transscriptae
1817 1516 1939 1557 sunt
1958 1526 1986 1557 e
2008 1514 2192 1558 codice
2213 1516 2273 1559 Ο.
2302 1517 2360 1559 In

161 1596 372 1634 summo
394 1584 481 1629 fol.
508 1584 621 1628 149ν
638 1584 820 1628 titulus
841 1587 1083 1639 apparet:

846 1679 1519 1783 Observationi35s9gometae
1538 1680 1675 1723 Anni

153 1836 303 1891 juxta
330 1845 490 1889 quem
514 1834 569 1877 in
593 1833 804 1877 sinistra
829 1837 981 1889 parte
999 1834 1184 1889 Tycho
1210 1834 1286 1878 sic
1313 1834 1540 1890 scripsit:
1574 1834 1926 1878 »Occasiones
1949 1834 2103 1878 huius
2125 1836 2359 1880 Cometae

158 1906 251 1962 visj
275 1907 315 1949 ἃ
337 1905 738 1950 obseruationes
757 1905 903 1961 prius
921 1905 979 1963 [?]
1001 1908 1250 1949 exaratas
1270 1905 1382 1963 [sic]
1403 1906 1523 1962 alibj
1551 1906 1604 1949 in
1630 1906 1757 1950 folio
1783 1906 1996 1961 scriptae
2022 1910 2186 1950 sunt«.
2215 1907 2274 1950 In
2298 1908 2360 1950 si-

158 1977 321 2021 nistra
351 1977 543 2033 pagina
574 1988 788 2032 semper
819 1976 1221 2021 observationes
1253 1977 1468 2032 scriptae
1499 1980 1636 2030 sunt,
1670 1977 1722 2020 in
1754 1978 1942 2021 dextra
1975 1978 2356 2022 annotationes.

157 2048 421 2103 Tychonis
446 2061 611 2092 manu
638 2047 814 2092 brevis
838 2049 1216 2093 tantummodo
1245 2048 1518 2092 annotatio
1544 2049 1822 2101 invenitur,
1852 2061 1973 2103 quae
1994 2050 2063 2092 ad
2082 2049 2244 2092 finem
2271 2050 2359 2093 ob-

157 2120 519 2163 servationum
539 2120 588 2164 d.
610 2120 639 2163 2
658 2132 729 2163 m.
754 2119 931 2162 Martii
951 2120 1160 2175 adjecta
1180 2123 1260 2164 est
1278 2119 1360 2178 (N.
1384 2121 1437 2164 Β.
1461 2120 1519 2163 In
1539 2120 1955 2164 demonstranda
1972 2153 1982 2163 .
2001 2154 2011 2163 .
2030 2121 2075 2178 .).

228 2191 464 2236 Cometae
491 2203 539 2234 a.
572 2189 708 2234 1593
737 2190 1139 2235 observationes
1169 2192 1276 2235 duo
1306 2191 1433 2235 folia
1463 2191 1789 2235 cohaerentia
1818 2192 2038 2246 implent
2064 2191 2355 2249 (176—177);

156 2261 275 2305 haec
294 2262 410 2317 ipsa
428 2262 629 2306 scilicet
646 2261 886 2317 Tychoni
904 2263 1100 2306 tradita
1119 2266 1241 2306 sunt
1260 2263 1327 2306 ab
1350 2274 1431 2315 eo,
1454 2263 1542 2318 qui
1562 2263 1959 2307 observationes
1978 2263 2286 2306 instituerat.

215 2333 386 2377 Vacat
410 2333 499 2377 fol.
526 2332 647 2376 1781.
676 2333 736 2377 In
761 2333 850 2377 fol.
879 2333 993 2377 178v
1011 2333 1195 2388 Tycho
1222 2334 1450 2389 scripsit:
1483 2334 1754 2388 »Sequitur
1779 2334 2101 2377 examinatio
2128 2338 2356 2378 cometae

157 2405 280 2447 anni
302 2404 415 2448 1580
437 2438 447 2448 .
466 2438 476 2448 .
496 2438 506 2449 .
528 2416 623 2460 per
642 2403 991 2448 Wilhelmum
1014 2438 1024 2449 .
1043 2439 1053 2449 .
1073 2421 1132 2458 .«,
1161 2405 1312 2461 cujus
1331 2405 1615 2461 imaginem
1637 2405 1780 2448 dedit
1799 2405 2166 2449 Schumaeher
2184 2406 2236 2448 in
2257 2406 2358 2449 edi—

155 2474 296 2519 tione
327 2476 765 2520 observationum
796 2479 1028 2521 cometae
1066 2477 1190 2520 anni
1226 2477 1354 2520 1585.
1395 2477 1640 2531 Sequitur
1670 2476 1723 2519 in
1755 2476 1862 2520 foll.
1901 2475 2132 2520 179-189
2164 2477 2358 2520 Blaevii

155 2547 398 2602 synopsis
418 2548 855 2592 observationum
875 2551 1106 2592 cometae
1128 2548 1252 2592 anni
1275 2548 1403 2591 1585.

226 2618 463 2663 Cometae
477 2631 525 2663 a.
543 2619 564 2662 1
574 2618 679 2663 596
693 2619 1095 2664 observationes
1107 2620 1162 2663 in
1176 2619 1283 2664 foll.
1301 2619 1532 2663 192-197
1545 2619 1908 2674 transscriptae
1922 2622 2044 2662 sunt
2057 2630 2086 2661 e
2100 2619 2285 2662 codice
2295 2619 2355 2662 O.

157 2688 327 2735 Nitide
346 2690 559 2746 scriptae
578 2694 701 2735 sunt
719 2702 846 2735 cum
866 2691 1307 2746 descriptionibus
1328 2691 1718 2735 astronomicis.

372 2820 600 2865 CODEX
621 2821 667 2866 O
688 2842 744 2859 =
763 2823 881 2865 Ant.
904 2822 1031 2866 Coll.
1055 2823 1172 2877 Reg.
1194 2822 1282 2866 315
1302 2822 1355 2865 in
1374 2822 1462 2865 fol.
1485 2822 1719 2865 continet
1739 2821 2137 2866 observationes

739 2897 1078 2937 cometarum
1099 2905 1363 2937 annorum
1388 2892 1524 2936 1590
1544 2896 1596 2936 et
1619 2891 1770 2936 1596.

224 2974 560 3030 Compositus
587 2979 668 3020 est
697 2988 726 3020 e
755 2977 964 3020 duobus
993 2976 1276 3029 fasciculis,
1308 2977 1398 3031 qui
1427 2987 1630 3031 paucos
1660 2975 1854 3018 abhinc
1885 2986 2052 3018 annos
2081 2974 2355 3017 involucro

154 3045 325 3088 vestiti
349 3050 485 3090 sunt.
514 3047 659 3091 Folia
684 3049 918 3092 continet
942 3048 1017 3101 20,
1046 3060 1277 3102 quorum
1303 3047 1509 3103 paginae
1536 3050 1720 3091 nostra
1743 3049 1903 3090 aetate
1922 3045 2156 3089 numeris
2173 3045 2357 3102 (1—40)

153 3115 407 3172 insignitae
427 3121 562 3162 sunt.
583 3118 782 3162 Titulus
801 3131 910 3163 non
930 3122 1167 3174 apparet.

224 3187 460 3233 Cometae
474 3201 522 3232 a.
540 3189 677 3233 1590
692 3190 1093 3234 observationes
1106 3190 1326 3245 paginas
1340 3190 1560 3244 implent
1578 3189 1741 3240 1—27;
1764 3191 1924 3231 vacat
1937 3200 1986 3242 p.
2002 3187 2075 3230 28.
2091 3187 2355 3241 Tychonis

153 3269 316 3302 manu
336 3260 561 3316 adjectae
580 3269 702 3305 sunt
721 3261 1093 3306 annotationes
1113 3262 1398 3305 nonnullae.

223 3329 460 3375 Cometae
481 3344 528 3375 a.
555 3331 691 3375 1596
712 3332 1114 3377 observationes
1132 3332 1186 3375 in
1207 3332 1396 3376 charta
1421 3333 1582 3387 paulo
1606 3331 1812 3375 minore
1832 3330 2044 3384 scriptae
2064 3332 2198 3372 sunt.
2226 3329 2274 3370 P.
2296 3327 2354 3370 29

151 3399 360 3444 titulum
373 3403 598 3459 praebet:
618 3403 1032 3448 Observationes
1048 3404 1284 3447 Cometae
1298 3415 1482 3447 mense
1491 3403 1520 3455 J
1522 3403 1629 3446 ulio
1643 3403 1703 3445 A.
1725 3401 1836 3445 1596
1851 3400 2166 3455 apparentis.
2183 3399 2353 3441 Vacat
