2742 4204
1181 315 1308 367 1583
2242 319 2346 371 279

423 456 653 510 Capellae
674 454 928 498 distantiae
1283 453 1353 495 XI
1369 453 1584 507 Cassiop.
1601 457 1653 496 et
1668 454 1854 509 gibbus
1871 457 2103 500 vmbiIIci
2119 457 2147 499 4
2178 457 2260 504 424

424 527 456 558 3
477 515 629 558 stellis
647 513 931 568 Cassiopeae
2117 516 2146 558 4
2176 517 2259 562 424

146 577 287 619 Inter
306 575 576 630 Capellam
598 575 649 617 et
669 575 831 627 caput
950 571 1008 614 43
1040 571 1122 618 454
1286 571 1461 625 Gyrus
1470 571 1612 614 vmb.
1625 575 1675 614 et
1688 573 2104 618 Luc.Cathedrae
2119 577 2146 617 5
2178 576 2235 618 59

713 631 929 685 Cassiop.
951 631 1008 674 43
1040 630 1119 677 434
2120 634 2147 676 6
2208 636 2235 676 5

950 689 1007 733 43
1039 689 1098 732 44
1963 693 2100 735 Pone
2120 694 2148 735 6
2208 694 2236 735 2

145 753 358 807 Capella
378 754 430 795 et
449 762 618 805 parua
639 751 708 793 ad
950 748 1009 791 44
1045 749 1097 791 15
1286 748 1499 802 Capella
1520 751 1572 791 et
1590 760 1760 802 parua
1780 751 2026 804 proxima
2092 753 2149 794 35
2210 753 2261 798 04

519 809 691 853 crines
712 809 928 863 Cassiop.
951 807 1009 850 44
1045 808 1123 854 154
1632 819 1766 862 genu
1787 822 1931 852 num.
1954 811 2070 852 XVI
2091 811 2148 853 35
2210 812 2260 857 04

146 871 360 925 Capella
381 873 432 913 et
452 881 516 913 ea
537 881 658 923 quae
677 868 730 911 in
951 867 1009 910 48
1070 867 1098 910 9
2090 870 2148 912 35
2214 871 2231 912 1

501 928 722 972 brachio
743 928 931 970 dextro
951 926 1010 969 48
1071 926 1123 974 94
1286 926 1499 979 Capella
1520 929 1572 968 et
1592 927 1759 969 altera
1781 928 1923 981 apud
2092 929 2150 972 36
2181 929 2259 974 541

1050 986 1211 1029 dubia
1825 999 1960 1041 genu
1980 987 2073 1030 XV
2092 988 2150 1031 36
2181 989 2263 1034 534

146 1049 380 1102 Sequens
400 1059 588 1090 earum
601 1046 764 1089 trium
952 1045 1010 1088 48
1072 1046 1099 1089 3
1287 1044 1500 1099 Capella
1521 1047 1572 1087 et
1592 1044 1735 1087 XVII
1757 1058 1878 1099 quae
1899 1046 1970 1089 est
2098 1047 2156 1090 34
2186 1048 2244 1089 42

666 1118 697 1148 a
719 1105 933 1160 Capella
952 1104 1010 1147 48
1071 1106 1123 1152 34
1772 1105 1825 1147 in
1846 1105 2073 1149 scabello
2093 1106 2151 1149 34
2181 1106 2239 1148 44

951 1163 1010 1207 48
1071 1165 1123 1211 34
2092 1165 2150 1208 34
2181 1165 2261 1212 444

772 1223 932 1267 Vtere
953 1222 1010 1266 48
1072 1224 1124 1271 34
1287 1222 1502 1276 Capella
1522 1225 1573 1266 et
1595 1222 1772 1266 media
1796 1224 2005 1267 scabelli
2092 1225 2150 1267 36
2186 1225 2263 1271 154

144 1285 317 1328 Tertia
337 1296 525 1327 earum
544 1284 705 1327 trium
953 1282 1010 1325 48
1041 1283 1100 1326 34
2092 1284 2150 1326 36
2186 1284 2263 1330 154

666 1355 698 1385 3
719 1343 933 1397 Capella
952 1341 1010 1385 48
1042 1342 1099 1387 33
1287 1341 1502 1395 Capella
1523 1344 1574 1384 et
1595 1345 1835 1385 extrema
1855 1343 1908 1385 in
2092 1343 2149 1386 37
2181 1343 2263 1389 424

952 1401 1010 1444 48
1041 1402 1124 1449 334
1828 1402 2070 1446 scabello¹
2092 1403 2149 1445 37
2181 1402 2262 1448 424

772 1461 932 1504 Vtere
951 1460 1010 1503 48
1041 1461 1123 1508 334
1287 1460 1501 1514 Capella
1521 1463 1573 1503 et
1592 1461 1684 1503 XX
1706 1473 1826 1515 quae
1847 1461 1917 1505 est
2092 1462 2149 1505 37
2182 1462 2263 1507 294

148 1522 360 1576 Capella
381 1524 432 1564 et
452 1520 659 1565 cubitus
952 1520 1010 1563 38
1041 1520 1099 1564 42
1374 1519 1428 1561 in
1449 1520 1727 1563 Cathedrae
1747 1524 1897 1575 parte
1918 1521 2051 1564 infer
2093 1522 2150 1564 37
2182 1521 2264 1567 284

542 1580 689 1623 finist.
713 1579 929 1634 Cassiop.
951 1579 1009 1622 38
1041 1580 1119 1628 424
2093 1581 2150 1624 37
2182 1580 2263 1626 29:1-

147 1640 361 1694 0396113
381 1642 433 1683 et
452 1652 621 1694 parua
641 1640 694 1682 in
952 1638 1010 1681 39
1041 1640 1124 1687 294
1288 1638 1502 1692 Capella
1523 1642 1574 1681 et
1595 1651 1729 1694 genu
1749 1640 1796 1682 V
2093 1640 2151 1683 36
2217 1640 2264 1686 14

399 1699 620 1742 brachio
642 1699 789 1742 sinist.
811 1698 930 1741 VIII
952 1698 1011 1741 39
1041 1699 1124 1746 284
2093 1700 2150 1742 36
2216 1699 2262 1745 14

661 1759 799 1802 Pone
821 1757 929 1801 dist.
952 1757 1010 1801 39
1042 1759 1100 1802 29
1288 1758 1502 1812 Capella
1523 1760 1575 1800 et
1595 1769 1717 1801 crus
1737 1758 1807 1801 VI
2093 1759 2151 1802 32
2182 1759 2259 1804 464

148 1818 361 1872 Capella
382 1820 433 1860 et
453 1818 673 1861 Schedir
953 1817 1011 1859 42
1043 1818 1101 1861 28
2094 1818 2151 1861 32
2182 1818 2240 1860 46

952 1876 1012 1919 42
1043 1877 1214 1925 284915
2094 1878 2152 1920 32
2183 1877 2264 1923 464

148 1936 361 1991 Capella
381 1939 432 1980 et
453 1937 581 1980 Luc.
605 1936 878 1980 cathedrae
953 1935 1012 1979 45
1043 1938 1127 1985 414
1289 1936 1503 1990 Capella
1524 1939 1575 1979 et
1594 1938 1774 1991 planta
1794 1937 1941 1991 pedis
1961 1938 2056 1980 VII
2094 1938 2152 1980 30
2188 1936 2264 1982 184

148 2055 362 2110 Capella
383 2058 434 2098 et
454 2055 676 2098 Flexura
951 2055 1010 2099 39
1040 2057 1187 2100 30ter
2094 2056 2152 2099 30
2188 2055 2240 2098 18

149 2115 362 2169 Capella
383 2117 434 2158 et
454 2115 585 2170 cing.
610 2115 825 2169 Cassiop.
955 2115 1007 2158 41
1074 2117 1101 2159 7
1290 2116 1430 2158 Inter
1451 2115 1721 2170 Capellam
1743 2118 1794 2158 et
1814 2116 2027 2159 boreale
2099 2115 2151 2157 17
2182 2115 2265 2160 304

954 2174 1007 2217 41
1074 2175 1127 2223 84
1830 2186 1998 2218 cornu
2020 2174 2074 2232 {j
2099 2175 2150 2217 17
2182 2174 2264 2219 314

952 2234 1006 2277 41
1073 2235 1192 2280 8bis
2099 2234 2151 2276 17
2183 2233 2265 2279 314

795 2294 933 2336 Pone
954 2294 1007 2337 41
1068 2296 1095 2338 7
1121 2295 1214 2338 45³¹
2099 2294 2151 2335 17
2183 2293 2264 2338 314

149 2352 363 2407 0396113
383 2354 434 2395 et
452 2352 522 2395 XI
544 2352 759 2407 Cassiop.
954 2353 1008 2396 41
1045 2355 1127 2401 534
1682 2371 1685 2373 ·
2099 2353 2151 2395 17
2183 2352 2265 2398 314

953 2413 1006 2455 41
1043 2414 1121 2461 534
2099 2412 2151 2454 17
2183 2412 2265 2456 314

953 2472 1006 2515 41
1044 2474 1126 2520 534
2100 2472 2151 2514 17
2183 2470 2265 2515 314

205 2531 302 2574 Pro
340 2530 594 2574 vmbilico
628 2531 934 2586 Cassiopeae‚
974 2533 1064 2577 vbi
1102 2534 1216 2576 sunt
1289 2533 1427 2575 Pone
1448 2531 1744 2574 distantiam
1765 2543 1951 2574 veram
2100 2531 2151 2573 17
2184 2530 2264 2575 314

148 2590 270 2633 duae
309 2589 468 2633 stellae
506 2591 747 2645 paruulae
792 2591 952 2634 sextae
996 2593 1212 2648 magnit.
1290 2592 1432 2634 Inter
1450 2591 1635 2634 Aldeb.
1659 2594 1711 2633 et
1731 2591 1945 2634 boreale
2100 2589 2153 2632 16
2184 2589 2242 2631 42

148 2649 284 2692 adeo
323 2648 640 2702 coniundtae‚
674 2653 731 2693 vt
766 2650 988 2694 discerni
1025 2664 1216 2706 neque·
1836 2661 2001 2693 cornu
2023 2649 2078 2706 8
2103 2649 2155 2692 16
2185 2647 2262 2694 444

148 2711 253 2760 ant,
283 2708 479 2752 harum
511 2709 747 2753 medium
784 2710 1014 2765 accipies
1046 2712 1113 2754 ab
1145 2711 1214 2753 XI
1806 2757 1808 2759 v
2101 2709 2153 2751 16
2184 2707 2266 2753 444

149 2768 432 2822 Cassiopeae
459 2771 511 2811 et
540 2768 743 2812 Lucida
774 2770 1077 2823 Cathedrae‚
1109 2782 1217 2814 non
2101 2767 2154 2810 16
2186 2767 2267 2812 444

149 2827 262 2870 sunt
277 2827 452 2871 adhuc
473 2827 527 2871 in
546 2840 770 2872 numero
792 2832 1111 2882 ceterarum,
1127 2842 1217 2873 vo·
2102 2827 2154 2870 16
2185 2826 2242 2869 43

149 2898 215 2930 ca
235 2889 415 2930 autem
435 2899 625 2942 gyrum
644 2888 880 2932 vmbilici
899 2889 1019 2932 XIV
1034 2889 1218 2933 031310-
1290 2890 1428 2932 Pone
1449 2887 1747 2931 distantiam
1767 2899 1954 2931 veram
2103 2886 2155 2929 16
2186 2885 2243 2927 44

147 2957 279 3000 peae.
1291 2949 1431 2991 Inter
1450 2948 1634 2990 Aldeb.
1658 2950 1709 2990 et
1730 2947 1954 2989 australe
2102 2946 2154 2987 15
2190 2944 2243 2987 18

188 3005 241 3048 Si
251 3005 330 3048 vis
341 3009 624 3060 Vtramque
636 3007 831 3050 harum
842 3019 1137 3061 paruarum
1148 3008 1219 3050 di·
1835 3017 2002 3049 cornu
2023 3004 2078 3062 ὃ)
2103 3005 2155 3047 15
2191 3004 2267 3050 174

148 3064 390 3107 stantiam
411 3065 727 3118 discernere,
749 3078 889 3120 pone
912 3067 1218 3121 proximam
2101 3064 2154 3106 15
2190 3062 2242 3105 18

150 3124 429 3167 Cathedrae
473 3128 607 3179 part.
648 3125 769 3177 5.59,
816 3126 1218 3170 remotissimam
1293 3126 1433 3169 Inter
1453 3126 1724 3180 Capellam
1744 3127 1796 3168 et
1817 3124 2040 3167 australe
2097 3124 2154 3165 25
2191 3122 2268 3168 154

147 3182 238 3235 6.4,
259 3183 366 3227 dist.
385 3184 452 3228 ab
464 3185 550 3236 XI,
566 3188 784 3228 maneat
797 3186 1004 3240 vtrique
1028 3186 1219 3229 eadem
1834 3195 2000 3227 cornu
2022 3182 2077 3239 ξ)
2096 3182 2153 3224 25
2189 3180 2242 3223 16

215 3280 228 3304 ¹
251 3284 321 3315 Hae
335 3288 409 3316 tres
423 3284 530 3316 stellae
545 3285 627 3316 sunt
648 3285 701 3316 Fl.
718 3286 774 3323 31,
789 3287 846 3323 36,
861 3287 917 3324 43,
933 3294 1026 3326 quas
1048 3286 1261 3317 observator
1274 3294 1362 3317 eum
1381 3285 1460 3317 aliis
1474 3285 1591 3316 tribus
1605 3284 1722 3322 stellis,
1738 3284 1791 3315 Fl.
1804 3286 1861 3321 50,
1876 3285 1932 3320 48,
1948 3285 1990 3313 46
2012 3282 2180 3314 confudit
2193 3277 2274 3318 (cfr.
2288 3282 2355 3311 Ar-

152 3330 318 3370 gelandri
332 3331 461 3364 diflert.
475 3333 531 3363 De
553 3333 625 3364 fide
640 3333 913 3365 Uranometriae
930 3333 1070 3372 Bayeri‚
1086 3335 1228 3365 Bonnae
1246 3335 1335 3364 1842
1349 3342 1385 3373 p.
1404 3329 1475 3371 12).
1491 3334 1576 3370 Quo
1597 3332 1751 3369 accedit,
1766 3336 1807 3363 ut
1826 3331 2026 3370 positiones
2046 3329 2225 3361 stellarum
2243 3329 2295 3365 16,
2314 3329 2354 3357 17

154 3379 194 3409 18
210 3379 369 3419 catalogi
382 3379 573 3419 Tychonis
587 3380 685 3411 falsae
700 3381 777 3412 lint.
