2742 4204
1188 308 1316 360 1584

149 453 215 496 H.
231 452 260 496 9
296 451 365 495 14‘
379 451 473 495 23⁰
486 449 723 495 tranfiuit
740 449 915 494 cauda
1009 447 1216 491 meridi-

492 521 656 554 anum
676 520 770 564 per
790 508 851 561 Q.
874 507 929 551 M
988 518 1155 551 orem.

231 570 260 613 9
295 569 349 613 14
379 569 438 613 36
493 581 587 624 per
607 569 668 621 Q.
689 566 1052 612 Tichonicum.

205 630 259 673 10
289 629 347 672 52
377 629 430 672 31
490 628 727 672 tranfiuit
747 627 903 682 Spica
919 625 986 683 m)
1007 625 1215 669 meridi-

491 699 656 731 anum
675 699 772 742 per
789 685 1152 730 Tichonicum.

204 747 258 792 10
288 747 346 791 52
377 748 434 790 55
490 745 1041 802 perQ.Minor.,Alt.25
1095 744 1125 788 9

148 807 307 851 Stella
326 806 379 849 in
398 806 606 851 flexura
625 804 833 849 Arcturi
851 805 952 847 Alt.

490 877 585 921 per
603 864 951 909 Tichonicum
976 862 1036 906 54
1059 862 1142 911 362-

205 925 253 968 11
288 925 347 969 46
377 925 437 969 20
491 923 744 968 Arcturus
764 924 817 968 in
836 922 1132 967 meridiano

488 996 584 1039 per
603 984 664 1037 Q.
687 983 831 1036 min.,

203 1044 251 1087 11
287 1043 346 1087 46
375 1043 434 1088 40
489 1055 584 1099 ρει·
603 1043 664 1096 Q.
685 1043 920 1094 Tichon.,

851 1102 953 1145 Alt.
975 1103 1033 1145 55
1064 1101 1147 1149 29}

435 1210 549 1253 DIE
574 1209 628 1253 18
647 1209 917 1253 APRILIS.

146 1281 412 1325 Cathedra
431 1281 648 1336 Cassiop.
670 1293 766 1337 per
784 1282 919 1324 Port.
974 1280 1032 1323 22
1063 1280 1146 1328 47&

547 1352 642 1395 per
661 1341 802 1384 Sext.
823 1351 947 1385 nou.
973 1340 1031 1384 22
1062 1340 1144 1387 47}

143 1399 244 1443 Alt.
266 1399 392 1444 min.
415 1400 591 1445 Stellae
611 1400 809 1455 polaris

545 1472 642 1515 per
659 1461 851 1504 Portat.
974 1459 1032 1503 52
1063 1459 1121 1502 58

546 1530 641 1575 per
660 1519 800 1563 Sext.
822 1531 946 1563 nou.
973 1519 1032 1562 52
1063 1519 1121 1563 58

143 1578 364 1623 Schedir
383 1578 508 1623 Cass.
530 1591 626 1634 per
645 1579 785 1623 Sext.
808 1591 931 1623 nou.
973 1578 1032 1622 20
1067 1579 1115 1622 11
1157 1579 1211 1623 10

142 1637 365 1682 Flexura
387 1638 530 1691 Cass.‚
552 1650 648 1694 per
666 1639 801 1683 Port.
972 1638 1032 1682 24
1061 1638 1145 1686 22}

554 1709 649 1754 per
669 1698 808 1742 Sext.
827 1709 951 1743 nou.
973 1698 1032 1741 24
1061 1698 1120 1741 22

143 1756 294 1800 Genu
314 1757 440 1802 Cass.
461 1769 558 1813 per
575 1759 768 1802 Portat.
972 1757 1031 1802 23
1062 1757 1142 1806 58}

462 1829 557 1873 per
576 1818 715 1862 Sext.
738 1828 861 1862 nou.
972 1817 1030 1861 23
1061 1816 1145 1865 58⁷}

143 1876 208 1919 Η.
230 1876 283 1920 10
313 1876 388 1920 26¹
408 1877 496 1921 16”
519 1877 758 1921 transmit
841 1876 1210 1922 vindemiator

522 1937 892 1990 meridianum,
936 1948 1033 1992 per
1073 1937 1210 1989 Qua-

521 1997 736 2040 dratum
780 1995 922 2040 facta
967 1997 1210 2042 obserua-

519 2056 677 2100 tione.

518 2115 756 2158 transiuit
768 2115 962 2159 eadem
970 2127 1065 2171 per
1072 2115 1211 2168 Qua-

520 2175 765 2219 drantem
785 2174 1083 2219 minimum.

518 2235 755 2278 tranfiuit
771 2235 957 2279 merid.
971 2235 1130 2290 Spica
1141 2234 1208 2294 m)

519 2306 616 2350 per
633 2294 691 2352 Γ-Ἰ
712 2295 914 2339 observ.
936 2295 1094 2338 trans.

521 2365 617 2409 per
653 2353 1019 2407 Quadrantem
1061 2355 1209 2398 mini·

519 2426 686 2458 mum.

227 2115 281 2159 10
310 2115 369 2159 26
399 2115 459 2158 22

228 2234 282 2278 10
311 2234 369 2278 48
400 2234 459 2278 29

228 2354 282 2398 10
312 2353 371 2398 48
402 2354 460 2398 42

201 2473 551 2530 Horologium
566 2474 799 2529 sequenti
812 2474 1033 2518 meridie
1049 2474 1101 2521 33
1116 2475 1210 2518 mi-

140 2533 278 2577 nutis
298 2533 520 2577 celerius
538 2533 647 2577 iuit.

431 2640 546 2684 DIE
563 2640 624 2685 20
641 2641 912 2685 APRILIS.

139 2712 239 2756 Alt.
256 2712 440 2756 merid.
458 2712 649 2757 caudae
665 2711 719 2771 Ω
740 2724 836 2768 ρει·
846 2712 1063 2757 Tichon.
1081 2725 1208 2757 cum

199 2783 342 2816 nouo
362 2771 665 2827 pinnacidio
971 2772 1030 2816 50
1060 2773 1144 2821 59}

141 2831 375 2886 Sequens
383 2842 450 2875 ex
458 2831 1208 2887 superioribusinQuad.Corui

483 2903 582 2947 per
599 2892 734 2936 Port.
975 2892 1029 2936 19
1059 2893 1143 2940 554ι

483 2963 579 3006 ρει·
598 2952 737 2995 Sext.
753 2962 956 2996 nouum
974 2951 1029 2995 19
1059 2952 1118 2996 56

141 3009 376 3065 Sequens
395 3010 448 3053 in
460 3010 482 3128 ἶ
496 3022 593 3066 per
610 3012 802 3056 Portat.
970 3011 1029 3055 34
1060 3011 1142 3059 56}

140 3068 457 3127 infenalam)
496 3082 591 3126 per
610 3070 750 3115 Sext.
772 3082 895 3115 nou.
970 3070 1030 3115 34
1060 3071 1143 3118 56τᾶι

140 3129 507 3174 vindemiator
524 3142 621 3185 per
639 3131 779 3174 Sext.

440 3189 574 3246 Trig.
595 3201 814 3242 nouum,
835 3190 946 3235 fere
969 3189 1027 3233 47
1063 3190 1118 3234 19

140 3247 298 3303 Spica
318 3247 386 3306 m>
406 3259 492 3292 ex·
539 3260 636 3304 per
652 3250 788 3294 Port.
969 3249 1028 3292 25
1089 3249 1118 3293 9
1179 3250 1208 3293 0

164 3307 345 3362 quifite
364 3308 474 3352 visa
540 3320 636 3364 per
654 3309 794 3353 Sext.
816 3320 939 3354 nou.
970 3309 1028 3352 25
1089 3309 1119 3352 9
1178 3309 1208 3354 0

141 3366 300 3411 Stella
319 3367 372 3410 in
391 3367 557 3413 boreo
577 3369 713 3424 pede
728 3367 795 3427 1η)
810 3371 1052 3413 extrema

2251 306 2356 357 327

1693 457 1788 501 per
1807 447 1997 490 Portat.
2121 446 2181 489 30
2211 446 2268 489 27
2300 446 2359 489 50

1693 517 1789 560 ρει·
1808 505 1947 549 Sext.
1970 517 2093 550 nou.
2121 506 2180 549 30
2210 505 2268 548 28
2304 505 2359 548 10

1288 565 1543 610 Australis
1562 565 1798 609 lancium
1819 567 1876 620 6-2.
1895 577 1944 619 p.
1965 566 2099 608 Port.
2126 564 2180 608 19
2211 565 2293 611 52-1·

1697 635 1792 679 per
1812 624 1952 667 Sext.
1975 636 2099 667 nou.
2126 623 2180 667 19
2211 624 2294 670 52}

1289 684 1522 729 Borealis
1542 696 1610 729 ex
1629 683 1870 727 lancibus
1890 685 1948 738 Q

1693 754 1789 798 per
1807 743 1999 785 Portat.
2122 742 2180 785 26
2216 742 2293 789 19ὲ

1692 813 1788 857 per
1807 802 1947 845 Sext.
1969 813 2092 845 nou.
2120 801 2178 845 26
2215 801 2292 848 19}

1289 862 1468 907 Media
1487 863 1541 906 in
1691 872 1787 917 per
1805 862 1997 905 Portat.
2126 861 2179 903 12
2210 861 2268 903 47
2299 861 2356 903 25

1286 923 1461 967 fronte
1483 922 1538 980 1η
1690 932 1787 976 ρει·
1809 920 1948 964 Sext.
1971 931 2056 964 no.
2126 920 2179 963 12
2209 919 2268 962 47
2299 920 2356 963 35

1318 983 1422 1027 Cor
1441 981 1497 1039 ‘m
1691 992 1786 1036 per
1804 981 1996 1024 Portat.
2151 979 2178 1022 8
2210 979 2266 1021 45
2298 979 2357 1022 30

1691 1051 1787 1096 per
1806 1039 1946 1084 Sext.
1969 1051 2092 1084 nou.
2150 1039 2178 1082 8
2209 1038 2266 1081 45
2298 1039 2356 1082 35

1579 1148 1692 1192 DIE
1711 1147 1770 1191 22
1789 1147 2058 1190 APRILIS.

1286 1220 1538 1276 Superior
1551 1220 1782 1263 duarum
1802 1218 2131 1273 sequentium
2150 1218 2204 1261 in
2219 1218 2356 1269 Qua-

1474 1279 1588 1323 dril.
1611 1278 1770 1323 Corui
1788 1290 1885 1334 per
1902 1279 2096 1322 Portat.
2123 1278 2177 1321 19
2208 1279 2290 1324 55}

1618 1350 1714 1394 per
1734 1338 1873 1382 Sext.
1895 1349 2099 1381 nouum
2123 1337 2177 1381 19
2208 1337 2266 1380 56

1285 1400 1522 1455 Sequens
1541 1398 1594 1442 in
1613 1397 1849 1442 inferiori
1870 1398 1956 1441 ala
1971 1396 2038 1455 m>

1343 1471 1439 1515 ρει·
1449 1459 1583 1503 Port.
1595 1469 1702 1501 non
1718 1457 1839 1501 satis
1853 1457 2104 1512 exquisite
2117 1456 2176 1500 34
2207 1456 2289 1503 56ss

1471 1530 1567 1574 per
1587 1518 1727 1562 Sext.
1748 1529 1965 1569 nouum,
1987 1516 2097 1561 fere
2118 1516 2175 1560 34
2206 1518 2264 1559 57

1284 1578 1440 1634 Spica
1463 1577 1530 1636 ΠΡ
1551 1589 1647 1633 ρει·
1665 1578 1857 1621 Portat.
2117 1576 2175 1619 25
2237 1576 2265 1619 9

1462 1649 1558 1693 per
1578 1638 1719 1681 Sext.
1741 1647 1962 1688 nouum,
1985 1636 2097 1680 fere
2116 1637 2174 1679 25
2236 1636 2264 1679 9

1283 1697 1573 1742 Australior
1593 1696 1829 1741 lancium
1849 1698 1906 1752 ..ς-7..

1688 1768 1783 1812 ρει·
1801 1757 1936 1800 Port.

1687 1828 1783 1871 per
1802 1816 1941 1859 Sext.
1964 1827 2087 1860 nou.
2121 1815 2175 1859 19
2205 1817 2263 1860 52
2300 1817 2354 1860 10

1282 1876 1517 1922 Borealis
1538 1876 1772 1921 lancium
1792 1887 1888 1931 per
1904 1876 2096 1920 Portat.
2116 1876 2175 1919 26
2210 1876 2288 1923 192}

1686 1947 1782 1991 per
1801 1935 1941 1979 Sext.
1964 1946 2087 1979 nou.
2116 1935 2174 1979 26
2210 1936 2288 1983 19}

1284 1996 1462 2041 Media
1482 1996 1642 2040 trium
1662 1995 1716 2039 in
1735 1995 1910 2039 fronte
1931 1994 1986 2052 m

1686 2067 1782 2111 per
1800 2056 1992 2098 Portat.
2120 2054 2173 2098 12
2203 2054 2286 2102 47}

1686 2126 1782 2170 per
1800 2114 1941 2158 Sext.
1963 2125 2086 2158 nou.
2119 2114 2173 2157 12
2203 2114 2287 2162 472}

1282 2175 1544 2231 Suprema
1560 2175 1612 2218 in
1685 2186 1781 2230 per
1799 2175 1991 2218 Portat.
2119 2174 2172 2217 15
2203 2174 2261 2217 33

2121 1756 2174 1799 19
2205 1757 2264 1799 52

1324 2235 1499 2280 fronte
1514 2235 1569 2292 'm
1686 2246 1781 2290 per
1800 2234 1940 2278 Sext.
1963 2245 2086 2278 nou.
2119 2234 2172 2277 15
2203 2234 2262 2277 33

1283 2295 1507 2339 Inferior
1525 2295 1579 2338 in
1599 2306 1765 2339 manu
1786 2293 2053 2349 Ophiuchi

1687 2365 1783 2409 per
1800 2354 1993 2397 Portat.
2115 2353 2175 2397 30
2204 2354 2264 2397 30

1687 2425 1783 2469 per
1802 2413 1942 2457 Sext.
1965 2424 2087 2456 nou.
2115 2413 2174 2456 30
2204 2413 2264 2457 30

1282 2473 1455 2530 (ἴοι-1η
1687 2485 1781 2528 ρει·
1800 2474 1992 2516 Portat.
2145 2472 2173 2516 8
2204 2473 2262 2515 45
2294 2473 2350 2516 35

1686 2544 1782 2588 per
1801 2532 1941 2576 Sext.
1964 2544 2087 2576 nou.
2145 2532 2174 2575 8
2204 2533 2287 2580 45}

1283 2593 1554 2637 Sinistrum
1575 2605 1711 2649 genu
1731 2591 1998 2647 Ophiuchi

1686 2664 1783 2707 per
1801 2652 1992 2696 Portat.
2115 2651 2174 2694 24
2204 2651 2262 2694 28

1282 2724 1377 2768 per
1390 2712 1530 2756 Sext.
1547 2724 1688 2764 nou„
1705 2723 1814 2755 non
1827 2711 2093 2766 exquisite,
2114 2711 2174 2754 24
2204 2711 2287 2758 282}

1282 2772 1543 2816 Dextrum
1552 2784 1689 2827 genu
1719 2783 1815 2827 per
1830 2772 2022 2814 Portat.
2120 2770 2174 2813 19
2234 2771 2287 2818 02}

1351 2831 1617 2888 Ophiuchi
1719 2831 1965 2887 perSext.
1979 2842 2102 2875 nou.
2120 2830 2173 2873 19
2234 2831 2286 2877 Οὲ

1311 2892 1481 2947 Caput
1498 2891 1658 2947 Ophi·
1718 2902 1814 2946 per
1832 2892 1967 2934 Port.
2114 2890 2172 2933 47
2233 2890 2261 2932 2
2298 2890 2351 2933 10

1416 2951 1543 2995 uchi
1718 2962 1814 3006 per
1825 2951 1964 2994 Sext.
1978 2950 2172 2993 nou.47
2233 2950 2261 2992 2
2292 2950 2349 2992 25

1339 3011 1532 3055 Versus
1557 3011 1881 3055 illuscentem
1908 3010 2065 3054 diem.
2095 3010 2236 3053 Inter
2262 3010 2351 3053 ob-

1282 3071 1601 3115 seruandum
1614 3073 1776 3114 vento
1790 3070 2057 3114 interdum
2078 3069 2259 3113 omnia
2279 3069 2350 3111 in-

1282 3130 1573 3174 strumenta
1593 3130 2093 3175 commonebantur.

1460 3237 1574 3281 DIE
1592 3237 1652 3281 29
1671 3237 1942 3289 APRILIS,
1965 3235 2174 3279 MANE.

1279 3310 1375 3353 Per
1391 3308 1755 3353 Tichonicum.

1281 3370 1481 3414 Dexter
1498 3368 1755 3413 humerus
1778 3367 2021 3412 Herculis
2112 3366 2170 3410 56
2199 3366 2282 3412 32}
