2742 4204
438 465 551 509 DIE
569 464 627 508 27
649 462 898 516 MARTIJ.

137 527 279 571 Inter
297 526 513 570 oculum
534 523 590 582 ὅ
611 525 652 567 81
673 523 840 578 super.

199 586 248 642 ][
266 588 429 640 caput
447 595 544 639 per
562 584 873 627 sextantem

194 656 397 689 nouum

136 704 278 748 Inter
297 703 497 748 stellam
516 701 779 746 Draconis

195 764 236 807 81
257 763 464 807 calcem
481 762 530 819 ][
549 773 646 817 per
663 760 724 813 Q.
746 761 881 804 Port.

135 823 276 866 Inter
296 822 494 866 Canem
515 821 781 864 Minorem

194 882 235 926 81
255 881 470 937 Spicam
491 879 558 938 m)
579 891 675 935 per
693 880 828 923 Port.

133 942 227 985 Per
245 941 553 984 sextantem
572 939 703 995 Trig.
725 949 944 982 nouum.

135 1001 276 1044 Inter
294 1000 529 1044 lucidam
550 998 830 1042 Cathedrae

194 1059 477 1115 Cassiopeae
497 1059 539 1102 81
559 1058 781 1102 Schedir

133 1178 276 1222 Inter
293 1177 575 1221 Flexuram
595 1176 890 1232 Cassiopeae.

192 1238 234 1281 ἃ
254 1237 576 1281 Cathedram

133 1297 274 1340 Inter
293 1296 514 1341 Schedir
533 1297 574 1340 ἃ

192 1356 472 1400 Flexuram
493 1355 618 1399 Cass.

434 1463 549 1506 DIE
567 1462 626 1506 29
647 1460 897 1514 MARTIJ.

132 1522 272 1566 Inter
290 1522 617 1566 Aldeboram
637 1522 679 1565 81

191 1581 513 1625 Cathedram
535 1581 820 1636 Cassiopeae

190 1653 286 1696 per
303 1642 496 1686 Portat.

133 1700 274 1744 Inter
292 1701 619 1745 Aldeboram
640 1701 681 1744 81

191 1760 471 1805 Flexuram
493 1760 777 1816 Cassiopeae

190 1832 286 1875 per
304 1821 496 1865 Portat.

190 1890 250 1934 In
281 1890 468 1935 vltima
501 1891 605 1935 hac
639 1890 1010 1935 obseruatione
1048 1893 1200 1934 erant

131 1962 271 1994 rarae
303 1951 554 2006 quaedam
586 1951 755 1995 nubes
790 1950 935 1994 circa
967 1950 1199 1994 Oculum

132 2009 189 2067 8
208 2009 250 2053 ἃ
270 2011 339 2054 ad
357 2009 694 2054 horizontem
714 2010 982 2066 vergebat.

433 2116 547 2160 DIE
565 2116 624 2161 30
645 2115 896 2169 MARTIJ.

130 2176 224 2220 Per
240 2175 560 2220 Portatilem.

131 2235 272 2280 Inter
289 2235 507 2280 inferius
527 2239 690 2291 caput
706 2236 756 2293 ][

190 2295 232 2339 ἃ
252 2295 575 2340 Cathedram
596 2295 813 2351 Cassiop.
828 2354 854 2398 f

852 2366 942 2399 ere

131 2413 272 2458 Inter
290 2413 507 2458 inferius
527 2418 689 2471 caput
702 2415 751 2472 I

189 2474 231 2517 81
252 2473 533 2518 Flexuram
553 2474 771 2530 Cassiop.

438 2605 552 2648 DIE
571 2605 600 2649 3
619 2605 891 2649 APRILIS.

129 2663 399 2708 Distantiae
421 2665 687 2709 stellarum
707 2665 762 2708 in
782 2664 1067 2721 Cassiopea.

130 2723 272 2767 Inter
290 2727 452 2779 caput
472 2724 757 2780 Cassiopeae

188 2783 230 2827 ἃ
250 2783 484 2827 lucIdam
505 2784 787 2829 Cathedrae

130 2901 270 2946 Inter
290 2901 512 2946 Schedir
530 2903 572 2947 ἃ

188 2961 416 3005 eandem
436 2961 489 3005 in

189 3020 452 3065 Cathedra

130 3079 271 3124 Inter
290 3079 492 3124 stellam
512 3081 565 3124 in
587 3081 796 3138 cingulo

188 3139 229 3183 ἃ
250 3139 572 3184 Cathedram

128 3257 269 3302 Inter
288 3258 570 3303 Flexuram

187 3317 227 3360 ἃ
248 3317 570 3362 Cathedram

1174 323 1303 377 1584
2237 323 2342 377 335

1275 464 1417 508 Inter
1436 462 1718 507 Flexuram
2006 465 2117 509 fere
2136 466 2164 510 3
2196 466 2253 509 35

962 521 1021 565 43
1057 521 1111 565 10
1334 524 1376 566 81
1396 535 1531 580 genu
1553 523 1768 579 Cassiop.
2135 526 2163 569 3
2195 526 2254 569 34

963 581 1022 624 43
1058 581 1112 624 10
2137 585 2164 628 3
2195 585 2254 628 34

963 640 1021 684 43
1058 639 1136 687 10}
1276 643 1416 685 Inter
1435 654 1571 697 genu
1592 643 1633 685 81
2136 644 2165 687 9
2195 644 2276 691 411

964 699 1023 743 90
1053 698 1110 742 37
1335 702 1660 745 Cathedram
2137 703 2165 746 9
2196 704 2277 751 41}

964 758 1022 802 90
1052 759 1110 802 37
1275 762 1417 805 Inter
1437 761 1639 805 stellam
1659 761 1712 804 in
1732 766 1973 805 extremo
2112 762 2163 805 13
2201 764 2253 806 17

963 818 1020 862 87
1052 818 1111 861 30
1334 820 1483 876 pedis
1504 822 1545 864 ἃ
1567 821 1891 864 Cathedram
2113 822 2164 865 13
2202 822 2253 865 17

963 877 1020 921 87
1051 877 1111 921 30
1275 881 1417 924 Inter
1435 880 1778 924 vndecirnam
2137 881 2166 924 4
2196 882 2255 925 46

1334 940 1375 983 ἃ
1396 939 1719 983 Cathedram
2136 941 2165 983 4
2196 942 2279 989 44}

992 996 1021 1040 4
1052 996 1110 1040 58
2136 999 2165 1042 4
2196 1001 2278 1048 461

991 1055 1021 1098 4
1051 1055 1135 1103 58}
1335 1058 1454 1102 Non
1475 1061 1590 1102 erat
1615 1058 1705 1102 illa
1724 1059 1778 1101 in
1806 1059 1928 1102 sella
1949 1071 2113 1113 quam
2134 1061 2344 1105 vndeci-

991 1115 1020 1158 4
1052 1115 1110 1158 58
1273 1130 1423 1161 mam
1442 1121 1640 1162 vocant
1660 1118 1781 1162 satis
1802 1118 2101 1173 conspicua.

992 1174 1021 1218 6
1057 1174 1135 1221 10}
1274 1178 1418 1221 Inter
1436 1178 1704 1234 cingulum
1725 1178 1766 1221 δι
1787 1177 2008 1221 Schedir
2143 1179 2160 1221 1
2197 1179 2255 1223 40

992 1233 1021 1278 6
1056 1234 1134 1281 101}
2007 1237 2160 1281 ferel
2196 1239 2255 1282 40

991 1293 1021 1396 Ξ
1051 1293 1110 1397 ἐξ
1123 1305 1181 1337 bis
1275 1297 1416 1340 Inter
1435 1297 1703 1353 cingulum
1725 1298 1766 1340 81
1786 1308 1922 1353 genu
2137 1299 2165 1340 5
2203 1298 2279 1346 19}

1111 1354 1135 1400 ὲ
2137 1359 2164 1400 5
2196 1358 2254 1401 20

1332 1417 1428 1460 Per
1459 1416 1769 1460 Sextantem
1801 1428 2004 1460 nouum
2040 1416 2197 1461 fadtae
2230 1419 2345 1461 sunt

1272 1476 1360 1519 hae
1374 1476 1785 1528 obseruationes,
1801 1476 1888 1530 qui
1903 1476 2168 1520 interdum
2183 1482 2342 1522 vento

962 1519 1021 1624 ἓ
1085 1521 1134 1626 ἒξ
1272 1535 1509 1579 nonnihil
1529 1537 1865 1580 mouebatur.

963 1639 1022 1683 64
1087 1640 1135 1687 lv}
1584 1643 1696 1686 DIE
1718 1644 1744 1686 7
1765 1643 2032 1687 APRILIS.

968 1699 1026 1742 58
1058 1699 1116 1742 4⁵
1274 1714 1416 1757 Inter
1435 1715 1652 1758 oculum
1675 1714 1731 1772 ὅ
1751 1715 1792 1757 ει
2106 1716 2164 1759 64
2224 1717 2253 1759 2

963 1759 1021 1803 58
1052 1759 1135 1806 45³⁴*
1335 1774 1657 1818 Cathedram
1679 1774 1964 1830 Cassiopeae
2105 1775 2164 1819 64
2224 1776 2275 1823 Οὲ

963 1818 1021 1862 58
1051 1818 1135 1866 451τ
2105 1835 2164 1879 64
2225 1836 2277 1883 a}

1273 1893 1416 1936 Inter
1435 1894 1640 1938 calcem
1661 1893 1810 1949 pedis
2105 1895 2163 1938 72
2194 1895 2252 1938 34

1336 1953 1386 2010 ][
1405 1953 1447 1997 ἃ
1468 1953 1790 1997 Cathedram
1814 1953 1924 1997 Cass
2104 1955 2162 1997 72
2193 1954 2274 2002 33}

2105 2014 2162 2057 72
2193 2014 2275 2061 33}

2103 2073 2161 2116 72
2192 2073 2275 2121 33}

1273 2131 1414 2175 Inter
1434 2133 1640 2176 calcem
1658 2132 1707 2188 Π
1727 2133 1767 2175 8ι
2103 2132 2161 2176 68
2191 2132 2250 2176 58
2281 2134 2340 2177 50

1332 2190 1553 2235 Schedir
1574 2191 1858 2247 Cassiopeae
2103 2191 2160 2235 68
2192 2193 2249 2236 58
2280 2194 2340 2237 50

962 2236 1019 2280 77
1050 2236 1133 2283 25ὲ
1272 2251 1412 2295 Inter
1432 2250 1647 2306 Spicam
1669 2250 1735 2309 m>
1972 2251 2028 2294 87
2061 2251 2113 2295 31
2139 2279 2218 2301 non
2237 2271 2339 2302 bona

962 2296 1019 2339 77
1050 2296 1134 2342 25²2*
1332 2311 1373 2353 ἃ
1394 2310 1594 2354 Canem
1616 2311 1880 2355 Minorem
1971 2310 2028 2354 87
2060 2311 2119 2355 30
2138 2318 2338 2358 quinquies

962 2355 1019 2398 77
1050 2355 1108 2398 25
1273 2370 1414 2413 Inter
1434 2371 1640 2414 calcem
1660 2370 1810 2425 pedis
1827 2371 1875 2427 ][
2102 2371 2160 2415 66
2190 2372 2249 2415 24

961 2414 1014 2458 71
1050 2414 1108 2458 25
1332 2430 1373 2472 81
1394 2429 1675 2474 Flexuram
1697 2429 1912 2485 Cassiop.
2101 2430 2160 2474 66
2190 2432 2248 2474 24

961 2474 1014 2517 7¹
1050 2474 1108 2517 25
1273 2489 1415 2532 Inter
1434 2489 1782 2534 meridionale
2102 2491 2159 2533 77
2190 2491 2248 2534 25

961 2534 1013 2577 71
1050 2533 1108 2577 25
1333 2549 1560 2606 οειρυτΠ
1579 2550 1621 2593 ει
2105 2551 2162 2593 77
2193 2551 2275 2598 25}

1333 2608 1550 2653 Cathed.
1574 2608 1791 2664 Cassiop.
1976 2608 2086 2653 fere
2106 2610 2162 2653 77
2194 2610 2251 2653 25

1273 2668 1442 2723 Caput
1462 2668 1809 2712 meridionale
2106 2669 2158 2712 71
2194 2669 2252 2713 25

990 2724 1019 2768 6
1050 2725 1110 2769 32
1335 2728 1384 2785 ][
1405 2728 1446 2771 81
1466 2727 1689 2771 Flexura
2106 2729 2158 2771 71
2194 2729 2275 2776 24}

990 2785 1020 2828 6
1050 2784 1133 2831 32}
1333 2787 1619 2842 Cassiopeae
2106 2789 2158 2832 71
2194 2789 2275 2835 25}

991 2843 1020 2887 6
1049 2843 1109 2887 32
2106 2847 2159 2890 71
2195 2848 2253 2891 25

991 2903 1020 2947 4
1050 2903 1133 2950 571
1274 2906 1443 2960 Caput
1463 2906 1650 2950 merid.
1670 2906 1720 2963 ][
1739 2907 1780 2950 ἃ
2107 2908 2164 2950 75
2200 2908 2277 2954 11}

990 2962 1020 3065 Ξ
1051 2962 1109 3066 5ἓ
1333 2965 1556 3010 Schedir
1576 2965 1861 3021 Cassiopeae
2107 2967 2163 3010 75
2201 2967 2276 3013 11}

990 3084 1018 3125 5
1055 3082 1133 3129 17}
1583 3073 1695 3116 DIE
1716 3072 1744 3116 8
1764 3073 2032 3117 APRILIS.

990 3143 1018 3185 5
1055 3141 1132 3188 171
1273 3144 1415 3188 Inter
1434 3145 1643 3188 calcem
1662 3145 1811 3199 pedis
1830 3146 1878 3202 ][
2106 3145 2163 3188 72
2194 3145 2253 3188 34

989 3202 1018 3244 5
1054 3201 1127 3248 171
1332 3204 1373 3247 8ι
1394 3204 1720 3248 Cathedram
1741 3204 1958 3259 Cassiop.
2107 3205 2163 3247 72
2194 3205 2253 3247 34

990 3259 1019 3303 6
1055 3260 1132 3307 11}
1272 3262 1415 3307 Inter
1436 3264 1644 3307 calcem
1663 3264 1814 3319 pedis
1835 3264 1885 3320 J1
2105 3263 2163 3306 66
2193 3263 2252 3306 24

989 3318 1019 3421 ἓ
1054 3320 1132 3422 ἐξ
1331 3322 1372 3365 8ι
1396 3322 1677 3367 Flexuram
1700 3322 1916 3378 Cassiop.
2105 3322 2163 3424 ᾗ
2193 3322 2252 3425 {⁴3
