<?xml version="1.0" encoding="UTF-8"?>
<!DOCTYPE html PUBLIC "-//W3C//DTD XHTML 1.0 Transitional//EN"
    "http://www.w3.org/TR/xhtml1/DTD/xhtml1-transitional.dtd">
<html xmlns="http://www.w3.org/1999/xhtml" xml:lang="en" lang="en">
 <head>
  <title>
</title>
<meta http-equiv="Content-Type" content="text/html;charset=utf-8" />
  <meta name='ocr-system' content='tesseract 3.04.00' />
  <meta name='ocr-capabilities' content='ocr_page ocr_carea ocr_par ocr_line ocrx_word'/>
</head>
<body>
  <div class='ocr_page' id='page_1' title='image "./operaomniaedidit10brahuoft/operaomniaedidit10brahuoft_0167.png"; bbox 0 0 2742 4204; ppageno 0'>
   <div class='ocr_carea' id='block_1_1' title="bbox 1216 321 1332 373">
    <p class='ocr_par' dir='ltr' id='par_1_1' title="bbox 1216 321 1332 373">
     <span class='ocr_line' id='line_1_1' title="bbox 1216 321 1332 373; baseline 0.017 -2"><span class='ocrx_word' id='word_1_1' title='bbox 1216 321 1332 373; x_wconf 88' lang='grc'>1581</span> 
     </span>
    </p>
   </div>
   <div class='ocr_carea' id='block_1_2' title="bbox 163 458 1232 869">
    <p class='ocr_par' dir='ltr' id='par_1_2' title="bbox 163 458 1232 869">
     <span class='ocr_line' id='line_1_2' title="bbox 164 458 1018 515; baseline -0.005 -11"><span class='ocrx_word' id='word_1_2' title='bbox 164 459 361 515; x_wconf 86' lang='lat' dir='ltr'>Accepi</span> <span class='ocrx_word' id='word_1_3' title='bbox 381 459 543 503; x_wconf 90' lang='lat' dir='ltr'>etiam</span> <span class='ocrx_word' id='word_1_4' title='bbox 563 458 756 502; x_wconf 92' lang='lat' dir='ltr'>eodem</span> <span class='ocrx_word' id='word_1_5' title='bbox 775 460 1018 512; x_wconf 91' lang='lat' dir='ltr'>tempore</span> 
     </span>
     <span class='ocr_line' id='line_1_3' title="bbox 775 516 1209 560; baseline 0 -1"><span class='ocrx_word' id='word_1_6' title='bbox 775 516 1042 560; x_wconf 90' lang='lat' dir='ltr'>interdum</span> <span class='ocrx_word' id='word_1_7' title='bbox 1066 517 1118 559; x_wconf 92' lang='lat'>17</span> <span class='ocrx_word' id='word_1_8' title='bbox 1180 516 1209 559; x_wconf 91' lang='grc' dir='ltr'>Ο</span> 
     </span>
     <span class='ocr_line' id='line_1_4' title="bbox 163 576 1232 632; baseline -0.003 -11"><span class='ocrx_word' id='word_1_9' title='bbox 163 578 320 632; x_wconf 92' lang='lat' dir='ltr'>idque</span> <span class='ocrx_word' id='word_1_10' title='bbox 332 577 412 621; x_wconf 90' lang='lat' dir='ltr'>bis</span> <span class='ocrx_word' id='word_1_11' title='bbox 422 580 587 629; x_wconf 83' lang='lat' dir='ltr'><strong>terve,</strong></span> <span class='ocrx_word' id='word_1_12' title='bbox 598 576 874 631; x_wconf 82' lang='lat' dir='ltr'>aliquoties</span> <span class='ocrx_word' id='word_1_13' title='bbox 884 587 1096 630; x_wconf 93' lang='lat' dir='ltr'>quoque</span> <span class='ocrx_word' id='word_1_14' title='bbox 1107 588 1232 631; x_wconf 92' lang='lat' dir='ltr'>pau-</span> 
     </span>
     <span class='ocr_line' id='line_1_5' title="bbox 163 635 1231 690; baseline -0.002 -10"><span class='ocrx_word' id='word_1_15' title='bbox 163 639 215 680; x_wconf 91' lang='lat' dir='ltr'>lo</span> <span class='ocrx_word' id='word_1_16' title='bbox 236 637 389 689; x_wconf 88' lang='lat' dir='ltr'>infra,</span> <span class='ocrx_word' id='word_1_17' title='bbox 405 636 671 679; x_wconf 91' lang='lat' dir='ltr'>interdum</span> <span class='ocrx_word' id='word_1_18' title='bbox 691 635 852 679; x_wconf 89' lang='lat' dir='ltr'>etiam</span> <span class='ocrx_word' id='word_1_19' title='bbox 866 636 1142 690; x_wconf 86' lang='lat' dir='ltr'>paululum</span> <span class='ocrx_word' id='word_1_20' title='bbox 1158 635 1231 678; x_wconf 88' lang='lat' dir='ltr'>su-</span> 
     </span>
     <span class='ocr_line' id='line_1_6' title="bbox 163 695 1230 752; baseline -0.003 -12"><span class='ocrx_word' id='word_1_21' title='bbox 163 708 259 752; x_wconf 92' lang='lat' dir='ltr'>pra</span> <span class='ocrx_word' id='word_1_22' title='bbox 278 696 331 739; x_wconf 94' lang='grc'>17</span> <span class='ocrx_word' id='word_1_23' title='bbox 335 701 352 720; x_wconf 90' lang='lat'>⁰</span> <span class='ocrx_word' id='word_1_24' title='bbox 367 695 430 747; x_wconf 81' lang='lat'>0¹,</span> <span class='ocrx_word' id='word_1_25' title='bbox 442 696 496 738; x_wconf 93' lang='lat' dir='ltr'>id</span> <span class='ocrx_word' id='word_1_26' title='bbox 509 695 614 739; x_wconf 92' lang='lat' dir='ltr'>hoc</span> <span class='ocrx_word' id='word_1_27' title='bbox 630 695 714 738; x_wconf 90' lang='lat' dir='ltr'>die</span> <span class='ocrx_word' id='word_1_28' title='bbox 727 698 951 738; x_wconf 89' lang='lat' dir='ltr'>tantum.</span> <span class='ocrx_word' id='word_1_29' title='bbox 967 695 1230 738; x_wconf 79' lang='lat' dir='ltr'>Praeterea</span> 
     </span>
     <span class='ocr_line' id='line_1_7' title="bbox 163 753 1231 810; baseline -0.003 -11"><span class='ocrx_word' id='word_1_30' title='bbox 163 754 516 810; x_wconf 82' lang='lat' dir='ltr'>superioribus</span> <span class='ocrx_word' id='word_1_31' title='bbox 527 754 713 798; x_wconf 87' lang='lat' dir='ltr'>diebus</span> <span class='ocrx_word' id='word_1_32' title='bbox 722 753 963 797; x_wconf 86' lang='lat' dir='ltr'>distantia</span> <span class='ocrx_word' id='word_1_33' title='bbox 973 754 1109 797; x_wconf 92' lang='lat' dir='ltr'>inter</span> <span class='ocrx_word' id='word_1_34' title='bbox 1119 765 1231 797; x_wconf 90' lang='lat' dir='ltr'>eas-</span> 
     </span>
     <span class='ocr_line' id='line_1_8' title="bbox 164 813 1227 869; baseline -0.001 -11"><span class='ocrx_word' id='word_1_35' title='bbox 164 815 287 858; x_wconf 89' lang='lat' dir='ltr'>dem</span> <span class='ocrx_word' id='word_1_36' title='bbox 302 817 460 869; x_wconf 90' lang='lat' dir='ltr'>capta</span> <span class='ocrx_word' id='word_1_37' title='bbox 475 813 546 857; x_wconf 84' lang='lat' dir='ltr'>est</span> <span class='ocrx_word' id='word_1_38' title='bbox 560 813 769 857; x_wconf 84' lang='lat' dir='ltr'>circiter</span> <span class='ocrx_word' id='word_1_39' title='bbox 783 814 836 856; x_wconf 92' lang='grc'>17</span> <span class='ocrx_word' id='word_1_40' title='bbox 840 818 857 837; x_wconf 88' lang='lat'><strong>⁰</strong></span> <span class='ocrx_word' id='word_1_41' title='bbox 872 813 918 856; x_wconf 77' lang='lat'>0⁴</span> <span class='ocrx_word' id='word_1_42' title='bbox 934 813 1227 868; x_wconf 79' lang='lat' dir='ltr'>aliquoties.</span> 
     </span>
    </p>
   </div>
   <div class='ocr_carea' id='block_1_3' title="bbox 520 919 870 972">
    <p class='ocr_par' dir='ltr' id='par_1_3' title="bbox 520 919 870 972">
     <span class='ocr_line' id='line_1_9' title="bbox 520 919 870 972; baseline 0.003 -9"><span class='ocrx_word' id='word_1_43' title='bbox 520 920 632 963; x_wconf 94' lang='lat' dir='ltr'>DIE</span> <span class='ocrx_word' id='word_1_44' title='bbox 651 920 680 963; x_wconf 92' lang='lat'>2</span> <span class='ocrx_word' id='word_1_45' title='bbox 702 919 870 972; x_wconf 90' lang='lat' dir='ltr'>MAIJ.</span> 
     </span>
    </p>
   </div>
   <div class='ocr_carea' id='block_1_4' title="bbox 160 990 1230 1463">
    <p class='ocr_par' dir='ltr' id='par_1_4' title="bbox 163 990 1013 1035">
     <span class='ocr_line' id='line_1_10' title="bbox 163 990 1013 1035; baseline -0.001 0"><span class='ocrx_word' id='word_1_46' title='bbox 163 993 257 1035; x_wconf 89' lang='lat' dir='ltr'>Per</span> <span class='ocrx_word' id='word_1_47' title='bbox 275 991 575 1035; x_wconf 89' lang='lat' dir='ltr'>Pinnacidia</span> <span class='ocrx_word' id='word_1_48' title='bbox 595 990 859 1035; x_wconf 85' lang='lat' dir='ltr'>sextantis</span> <span class='ocrx_word' id='word_1_49' title='bbox 877 991 1013 1034; x_wconf 91' lang='lat' dir='ltr'>inter</span> 
     </span>
    </p>

    <p class='ocr_par' dir='ltr' id='par_1_5' title="bbox 312 1050 1039 1166">
     <span class='ocr_line' id='line_1_11' title="bbox 440 1050 1039 1109; baseline -0.002 -14"><span class='ocrx_word' id='word_1_50' title='bbox 440 1051 639 1095; x_wconf 92' lang='lat' dir='ltr'>collum</span> <span class='ocrx_word' id='word_1_51' title='bbox 659 1053 711 1094; x_wconf 88' lang='lat' dir='ltr'>et</span> <span class='ocrx_word' id='word_1_52' title='bbox 731 1051 963 1094; x_wconf 88' lang='lat' dir='ltr'>caudam</span> <span class='ocrx_word' id='word_1_53' title='bbox 985 1050 1039 1109; x_wconf 57' lang='lat' dir='ltr'>&lt;Q</span> 
     </span>
     <span class='ocr_line' id='line_1_12' title="bbox 312 1110 846 1166; baseline -0.002 -12"><span class='ocrx_word' id='word_1_54' title='bbox 312 1110 514 1165; x_wconf 85' lang='lat' dir='ltr'>absque</span> <span class='ocrx_word' id='word_1_55' title='bbox 533 1110 846 1166; x_wconf 85' lang='lat' dir='ltr'>pinnacidijs</span> 
     </span>
    </p>

    <p class='ocr_par' dir='ltr' id='par_1_6' title="bbox 160 1169 1230 1463">
     <span class='ocr_line' id='line_1_13' title="bbox 309 1169 1230 1224; baseline 0.002 -11"><span class='ocrx_word' id='word_1_56' title='bbox 309 1181 405 1224; x_wconf 90' lang='lat' dir='ltr'>per</span> <span class='ocrx_word' id='word_1_57' title='bbox 426 1170 647 1213; x_wconf 89' lang='lat' dir='ltr'>Radium</span> <span class='ocrx_word' id='word_1_58' title='bbox 667 1169 803 1213; x_wconf 91' lang='lat' dir='ltr'>inter</span> <span class='ocrx_word' id='word_1_59' title='bbox 825 1170 1037 1213; x_wconf 83' lang='lat' dir='ltr'>easdem</span> <span class='ocrx_word' id='word_1_60' title='bbox 1057 1170 1111 1213; x_wconf 89' lang='lat'>21</span> <span class='ocrx_word' id='word_1_61' title='bbox 1147 1170 1230 1217; x_wconf 56' lang='lat'>56}</span> 
     </span>
     <span class='ocr_line' id='line_1_14' title="bbox 222 1229 1229 1284; baseline 0.001 -12"><span class='ocrx_word' id='word_1_62' title='bbox 222 1230 422 1273; x_wconf 91' lang='lat' dir='ltr'>Eodem</span> <span class='ocrx_word' id='word_1_63' title='bbox 443 1229 527 1272; x_wconf 92' lang='lat' dir='ltr'>die</span> <span class='ocrx_word' id='word_1_64' title='bbox 547 1229 732 1284; x_wconf 90' lang='lat' dir='ltr'>accepi</span> <span class='ocrx_word' id='word_1_65' title='bbox 753 1229 915 1273; x_wconf 90' lang='lat' dir='ltr'>Radio</span> <span class='ocrx_word' id='word_1_66' title='bbox 931 1229 1229 1273; x_wconf 84' lang='lat' dir='ltr'>distantiam</span> 
     </span>
     <span class='ocr_line' id='line_1_15' title="bbox 161 1288 1230 1333; baseline 0.002 -2"><span class='ocrx_word' id='word_1_67' title='bbox 161 1289 297 1332; x_wconf 90' lang='lat' dir='ltr'>inter</span> <span class='ocrx_word' id='word_1_68' title='bbox 310 1288 546 1332; x_wconf 87' lang='lat' dir='ltr'>maxime</span> <span class='ocrx_word' id='word_1_69' title='bbox 561 1288 846 1332; x_wconf 74' lang='lat' dir='ltr'>austrInam</span> <span class='ocrx_word' id='word_1_70' title='bbox 859 1289 1021 1332; x_wconf 91' lang='lat' dir='ltr'>trium</span> <span class='ocrx_word' id='word_1_71' title='bbox 1040 1289 1094 1332; x_wconf 93' lang='lat' dir='ltr'>in</span> <span class='ocrx_word' id='word_1_72' title='bbox 1108 1290 1230 1333; x_wconf 88' lang='lat' dir='ltr'>dex-</span> 
     </span>
     <span class='ocr_line' id='line_1_16' title="bbox 160 1348 1230 1404; baseline 0.001 -13"><span class='ocrx_word' id='word_1_73' title='bbox 160 1351 244 1391; x_wconf 86' lang='lat' dir='ltr'>tra</span> <span class='ocrx_word' id='word_1_74' title='bbox 263 1360 428 1391; x_wconf 91' lang='lat' dir='ltr'>manu</span> <span class='ocrx_word' id='word_1_75' title='bbox 441 1348 802 1392; x_wconf 72' lang='lat' dir='ltr'>Andromedae</span> <span class='ocrx_word' id='word_1_76' title='bbox 816 1351 868 1392; x_wconf 91' lang='lat' dir='ltr'>et</span> <span class='ocrx_word' id='word_1_77' title='bbox 882 1349 1129 1392; x_wconf 86' lang='lat' dir='ltr'>dextrum</span> <span class='ocrx_word' id='word_1_78' title='bbox 1150 1361 1230 1404; x_wconf 90' lang='lat' dir='ltr'>ge-</span> 
     </span>
     <span class='ocr_line' id='line_1_17' title="bbox 162 1408 1230 1463; baseline 0.003 -13"><span class='ocrx_word' id='word_1_79' title='bbox 162 1420 233 1450; x_wconf 93' lang='lat' dir='ltr'>nu</span> <span class='ocrx_word' id='word_1_80' title='bbox 251 1408 423 1463; x_wconf 86' lang='lat' dir='ltr'>Pegafi</span> <span class='ocrx_word' id='word_1_81' title='bbox 1063 1408 1117 1452; x_wconf 98' lang='lat'>16</span> <span class='ocrx_word' id='word_1_82' title='bbox 1148 1410 1230 1455; x_wconf 54' lang='lat'>57}</span> 
     </span>
    </p>
   </div>
   <div class='ocr_carea' id='block_1_5' title="bbox 1058 1050 1207 1153">
    <p class='ocr_par' dir='ltr' id='par_1_7' title="bbox 1058 1050 1207 1153">
     <span class='ocr_line' id='line_1_18' title="bbox 1059 1050 1207 1094; baseline 0 0"><span class='ocrx_word' id='word_1_83' title='bbox 1059 1051 1112 1094; x_wconf 90' lang='lat'>21</span> <span class='ocrx_word' id='word_1_84' title='bbox 1148 1050 1207 1094; x_wconf 88' lang='grc'>59</span> 
     </span>
     <span class='ocr_line' id='line_1_19' title="bbox 1058 1111 1207 1153; baseline 0 0"><span class='ocrx_word' id='word_1_85' title='bbox 1058 1111 1117 1153; x_wconf 88' lang='grc'>22</span> <span class='ocrx_word' id='word_1_86' title='bbox 1148 1111 1207 1153; x_wconf 91' lang='grc'>24</span> 
     </span>
    </p>
   </div>
   <div class='ocr_carea' id='block_1_6' title="bbox 518 1466 870 1519">
    <p class='ocr_par' dir='ltr' id='par_1_8' title="bbox 518 1466 870 1519">
     <span class='ocr_line' id='line_1_20' title="bbox 518 1466 870 1519; baseline 0.003 -9"><span class='ocrx_word' id='word_1_87' title='bbox 518 1467 632 1510; x_wconf 92' lang='lat' dir='ltr'>DIE</span> <span class='ocrx_word' id='word_1_88' title='bbox 651 1466 680 1510; x_wconf 90' lang='lat'>9</span> <span class='ocrx_word' id='word_1_89' title='bbox 701 1467 870 1519; x_wconf 91' lang='lat' dir='ltr'>MAIJ.</span> 
     </span>
    </p>
   </div>
   <div class='ocr_carea' id='block_1_7' title="bbox 161 1538 1206 1771">
    <p class='ocr_par' dir='ltr' id='par_1_9' title="bbox 161 1538 1206 1771">
     <span class='ocr_line' id='line_1_21' title="bbox 161 1538 1014 1583; baseline 0.004 -3"><span class='ocrx_word' id='word_1_90' title='bbox 161 1539 255 1582; x_wconf 91' lang='lat' dir='ltr'>Per</span> <span class='ocrx_word' id='word_1_91' title='bbox 274 1538 575 1582; x_wconf 90' lang='lat' dir='ltr'>Pinnacidia</span> <span class='ocrx_word' id='word_1_92' title='bbox 595 1538 859 1582; x_wconf 87' lang='lat' dir='ltr'>Sextantis</span> <span class='ocrx_word' id='word_1_93' title='bbox 879 1539 1014 1583; x_wconf 90' lang='lat' dir='ltr'>inter</span> 
     </span>
     <span class='ocr_line' id='line_1_22' title="bbox 446 1599 1038 1658; baseline 0.002 -17"><span class='ocrx_word' id='word_1_94' title='bbox 446 1599 679 1641; x_wconf 92' lang='lat' dir='ltr'>caudam</span> <span class='ocrx_word' id='word_1_95' title='bbox 699 1601 751 1641; x_wconf 93' lang='lat' dir='ltr'>et</span> <span class='ocrx_word' id='word_1_96' title='bbox 770 1610 968 1642; x_wconf 87' lang='lat' dir='ltr'>coxam</span> <span class='ocrx_word' id='word_1_97' title='bbox 984 1599 1038 1658; x_wconf 68' lang='lat' dir='ltr'>&lt;Q</span> 
     </span>
     <span class='ocr_line' id='line_1_23' title="bbox 328 1656 1206 1714; baseline 0.003 -15"><span class='ocrx_word' id='word_1_98' title='bbox 328 1656 530 1712; x_wconf 89' lang='lat' dir='ltr'>absque</span> <span class='ocrx_word' id='word_1_99' title='bbox 550 1658 864 1714; x_wconf 84' lang='lat' dir='ltr'>pinnacidijS</span> <span class='ocrx_word' id='word_1_100' title='bbox 884 1670 1013 1703; x_wconf 90' lang='lat' dir='ltr'>vero</span> <span class='ocrx_word' id='word_1_101' title='bbox 1063 1660 1117 1702; x_wconf 92' lang='lat'>10</span> <span class='ocrx_word' id='word_1_102' title='bbox 1147 1660 1206 1702; x_wconf 92' lang='lat'>24</span> 
     </span>
     <span class='ocr_line' id='line_1_24' title="bbox 326 1717 1206 1771; baseline 0.002 -11"><span class='ocrx_word' id='word_1_103' title='bbox 326 1728 421 1771; x_wconf 91' lang='lat' dir='ltr'>per</span> <span class='ocrx_word' id='word_1_104' title='bbox 439 1717 651 1760; x_wconf 90' lang='lat' dir='ltr'>radium</span> <span class='ocrx_word' id='word_1_105' title='bbox 669 1717 806 1761; x_wconf 93' lang='lat' dir='ltr'>inter</span> <span class='ocrx_word' id='word_1_106' title='bbox 825 1719 1038 1762; x_wconf 83' lang='lat' dir='ltr'>easdem</span> <span class='ocrx_word' id='word_1_107' title='bbox 1063 1719 1116 1762; x_wconf 94' lang='lat'>10</span> <span class='ocrx_word' id='word_1_108' title='bbox 1152 1719 1206 1762; x_wconf 87' lang='lat'>14</span> 
     </span>
    </p>
   </div>
   <div class='ocr_carea' id='block_1_8' title="bbox 1064 1600 1205 1643">
    <p class='ocr_par' dir='ltr' id='par_1_10' title="bbox 1064 1600 1205 1643">
     <span class='ocr_line' id='line_1_25' title="bbox 1064 1600 1205 1643; baseline 0 0"><span class='ocrx_word' id='word_1_109' title='bbox 1064 1600 1117 1643; x_wconf 94' lang='grc'>10</span> <span class='ocrx_word' id='word_1_110' title='bbox 1154 1600 1205 1643; x_wconf 90' lang='grc'>13</span> 
     </span>
    </p>
   </div>
   <div class='ocr_carea' id='block_1_9' title="bbox 422 1836 966 1881">
    <p class='ocr_par' dir='ltr' id='par_1_11' title="bbox 422 1836 966 1881">
     <span class='ocr_line' id='line_1_26' title="bbox 422 1836 966 1881; baseline 0.004 -3"><span class='ocrx_word' id='word_1_111' title='bbox 422 1836 534 1878; x_wconf 90' lang='lat' dir='ltr'>DIE</span> <span class='ocrx_word' id='word_1_112' title='bbox 560 1836 612 1879; x_wconf 88' lang='grc'>15</span> <span class='ocrx_word' id='word_1_113' title='bbox 633 1836 966 1881; x_wconf 88' lang='lat' dir='ltr'>OCTOBRIS.</span> 
     </span>
    </p>
   </div>
   <div class='ocr_carea' id='block_1_10' title="bbox 159 1907 1229 2375">
    <p class='ocr_par' dir='ltr' id='par_1_12' title="bbox 159 1907 1229 2375">
     <span class='ocr_line' id='line_1_27' title="bbox 219 1907 1229 1965; baseline 0.004 -16"><span class='ocrx_word' id='word_1_114' title='bbox 219 1907 471 1962; x_wconf 86' lang='lat' dir='ltr'>Acceptae</span> <span class='ocrx_word' id='word_1_115' title='bbox 492 1907 607 1951; x_wconf 83' lang='lat' dir='ltr'>sunt</span> <span class='ocrx_word' id='word_1_116' title='bbox 631 1908 719 1951; x_wconf 85' lang='lat' dir='ltr'>hae</span> <span class='ocrx_word' id='word_1_117' title='bbox 740 1908 996 1953; x_wconf 84' lang='lat' dir='ltr'>distantiae</span> <span class='ocrx_word' id='word_1_118' title='bbox 1023 1922 1118 1965; x_wconf 92' lang='lat' dir='ltr'>per</span> <span class='ocrx_word' id='word_1_119' title='bbox 1138 1911 1229 1953; x_wconf 88' lang='lat' dir='ltr'>Ra-</span> 
     </span>
     <span class='ocr_line' id='line_1_28' title="bbox 161 1965 758 2011; baseline 0.002 -2"><span class='ocrx_word' id='word_1_120' title='bbox 161 1965 307 2009; x_wconf 88' lang='lat' dir='ltr'>dium</span> <span class='ocrx_word' id='word_1_121' title='bbox 328 1966 758 2011; x_wconf 88' lang='lat' dir='ltr'>astronomicum.</span> 
     </span>
     <span class='ocr_line' id='line_1_29' title="bbox 160 2025 1009 2071; baseline 0.004 -3"><span class='ocrx_word' id='word_1_122' title='bbox 160 2025 300 2069; x_wconf 87' lang='lat' dir='ltr'>Inter</span> <span class='ocrx_word' id='word_1_123' title='bbox 318 2026 551 2069; x_wconf 90' lang='lat' dir='ltr'>lucidam</span> <span class='ocrx_word' id='word_1_124' title='bbox 571 2027 806 2071; x_wconf 89' lang='lat' dir='ltr'>Vulturis</span> <span class='ocrx_word' id='word_1_125' title='bbox 827 2031 879 2071; x_wconf 91' lang='lat' dir='ltr'>et</span> <span class='ocrx_word' id='word_1_126' title='bbox 898 2029 1009 2071; x_wconf 88' lang='lat' dir='ltr'>fini-</span> 
     </span>
     <span class='ocr_line' id='line_1_30' title="bbox 400 2085 1227 2136; baseline 0.007 -8"><span class='ocrx_word' id='word_1_127' title='bbox 400 2085 559 2129; x_wconf 85' lang='lat' dir='ltr'>stram</span> <span class='ocrx_word' id='word_1_128' title='bbox 580 2099 802 2130; x_wconf 91' lang='lat' dir='ltr'>manum</span> <span class='ocrx_word' id='word_1_129' title='bbox 823 2088 1037 2132; x_wconf 90' lang='lat' dir='ltr'>Antinoi</span> <span class='ocrx_word' id='word_1_130' title='bbox 1061 2089 1113 2132; x_wconf 87' lang='lat'>13</span> <span class='ocrx_word' id='word_1_131' title='bbox 1145 2089 1227 2136; x_wconf 57' lang='lat'><strong>38-3-</strong></span> 
     </span>
     <span class='ocr_line' id='line_1_31' title="bbox 160 2144 922 2201; baseline 0.004 -14"><span class='ocrx_word' id='word_1_132' title='bbox 160 2144 300 2188; x_wconf 92' lang='lat' dir='ltr'>Inter</span> <span class='ocrx_word' id='word_1_133' title='bbox 318 2145 596 2189; x_wconf 91' lang='lat' dir='ltr'>Vulturem</span> <span class='ocrx_word' id='word_1_134' title='bbox 617 2149 668 2189; x_wconf 95' lang='lat' dir='ltr'>et</span> <span class='ocrx_word' id='word_1_135' title='bbox 688 2146 922 2201; x_wconf 84' lang='lat' dir='ltr'>superius</span> 
     </span>
     <span class='ocr_line' id='line_1_32' title="bbox 801 2207 1202 2259; baseline 0.002 -9"><span class='ocrx_word' id='word_1_136' title='bbox 801 2218 970 2251; x_wconf 90' lang='lat' dir='ltr'>cornu</span> <span class='ocrx_word' id='word_1_137' title='bbox 996 2212 1030 2259; x_wconf 71' lang='lat' dir='ltr'><strong><em>z</em></strong></span> <span class='ocrx_word' id='word_1_138' title='bbox 1060 2207 1113 2251; x_wconf 94' lang='lat'>10</span> <span class='ocrx_word' id='word_1_139' title='bbox 1144 2208 1202 2252; x_wconf 93' lang='lat'>56</span> 
     </span>
     <span class='ocr_line' id='line_1_33' title="bbox 159 2263 976 2310; baseline 0.004 -4"><span class='ocrx_word' id='word_1_140' title='bbox 159 2263 300 2307; x_wconf 91' lang='lat' dir='ltr'>Inter</span> <span class='ocrx_word' id='word_1_141' title='bbox 318 2264 597 2308; x_wconf 91' lang='lat' dir='ltr'>Vulturem</span> <span class='ocrx_word' id='word_1_142' title='bbox 618 2267 670 2309; x_wconf 91' lang='lat' dir='ltr'>et</span> <span class='ocrx_word' id='word_1_143' title='bbox 689 2265 976 2310; x_wconf 89' lang='lat' dir='ltr'>humerum</span> 
     </span>
     <span class='ocr_line' id='line_1_34' title="bbox 706 2325 1226 2375; baseline 0.012 -7"><span class='ocrx_word' id='word_1_144' title='bbox 706 2325 1035 2374; x_wconf 64' lang='lat' dir='ltr'>finistrumxx</span> <span class='ocrx_word' id='word_1_145' title='bbox 1059 2327 1113 2370; x_wconf 87' lang='lat'>14</span> <span class='ocrx_word' id='word_1_146' title='bbox 1143 2328 1226 2375; x_wconf 51' lang='lat'>32}</span> 
     </span>
    </p>
   </div>
   <div class='ocr_carea' id='block_1_11' title="bbox 420 2419 966 2465">
    <p class='ocr_par' dir='ltr' id='par_1_13' title="bbox 420 2419 966 2465">
     <span class='ocr_line' id='line_1_35' title="bbox 420 2419 966 2465; baseline 0.005 -3"><span class='ocrx_word' id='word_1_147' title='bbox 420 2419 532 2462; x_wconf 95' lang='lat' dir='ltr'>DIE</span> <span class='ocrx_word' id='word_1_148' title='bbox 558 2419 611 2463; x_wconf 88' lang='lat'>16</span> <span class='ocrx_word' id='word_1_149' title='bbox 632 2420 966 2465; x_wconf 90' lang='lat' dir='ltr'>OCTOBRIS.</span> 
     </span>
    </p>
   </div>
   <div class='ocr_carea' id='block_1_12' title="bbox 155 2489 1226 3264">
    <p class='ocr_par' dir='ltr' id='par_1_14' title="bbox 155 2489 1226 3264">
     <span class='ocr_line' id='line_1_36' title="bbox 216 2489 853 2547; baseline 0.006 -15"><span class='ocrx_word' id='word_1_150' title='bbox 216 2489 366 2533; x_wconf 82' lang='lat' dir='ltr'>Inter</span> <span class='ocrx_word' id='word_1_151' title='bbox 379 2490 575 2545; x_wconf 78' lang='lat' dir='ltr'>Pegasi</span> <span class='ocrx_word' id='word_1_152' title='bbox 595 2491 853 2547; x_wconf 81' lang='lat' dir='ltr'>Vtrasque</span> 
     </span>
     <span class='ocr_line' id='line_1_37' title="bbox 737 2551 1203 2607; baseline 0.004 -12"><span class='ocrx_word' id='word_1_153' title='bbox 737 2551 1045 2607; x_wconf 76' lang='lat' dir='ltr'>superiores</span> <span class='ocrx_word' id='word_1_154' title='bbox 1064 2554 1114 2597; x_wconf 91' lang='lat'>16</span> <span class='ocrx_word' id='word_1_155' title='bbox 1141 2554 1203 2597; x_wconf 88' lang='lat'>22</span> 
     </span>
     <span class='ocr_line' id='line_1_38' title="bbox 156 2607 1226 2664; baseline 0.007 -14"><span class='ocrx_word' id='word_1_156' title='bbox 156 2607 320 2663; x_wconf 85' lang='lat' dir='ltr'>idque</span> <span class='ocrx_word' id='word_1_157' title='bbox 330 2620 438 2664; x_wconf 87' lang='lat' dir='ltr'>per</span> <span class='ocrx_word' id='word_1_158' title='bbox 448 2609 771 2655; x_wconf 77' lang='lat' dir='ltr'>Sextantem</span> <span class='ocrx_word' id='word_1_159' title='bbox 791 2611 884 2655; x_wconf 83' lang='lat' dir='ltr'>vbi</span> <span class='ocrx_word' id='word_1_160' title='bbox 901 2613 1053 2656; x_wconf 90' lang='lat' dir='ltr'>nulla</span> <span class='ocrx_word' id='word_1_161' title='bbox 1072 2612 1137 2656; x_wconf 76' lang='lat' dir='ltr'>fit</span> <span class='ocrx_word' id='word_1_162' title='bbox 1147 2625 1226 2657; x_wconf 90' lang='lat' dir='ltr'>ra-</span> 
     </span>
     <span class='ocr_line' id='line_1_39' title="bbox 159 2666 1226 2726; baseline 0.007 -16"><span class='ocrx_word' id='word_1_163' title='bbox 159 2666 707 2724; x_wconf 78' lang='lat' dir='ltr'>tiopara1laxeos,[ed</span> <span class='ocrx_word' id='word_1_164' title='bbox 716 2672 959 2726; x_wconf 80' lang='lat' dir='ltr'>vttaeque</span> <span class='ocrx_word' id='word_1_165' title='bbox 970 2672 1226 2717; x_wconf 85' lang='lat' dir='ltr'>videban-</span> 
     </span>
     <span class='ocr_line' id='line_1_40' title="bbox 159 2727 1167 2783; baseline 0.006 -13"><span class='ocrx_word' id='word_1_166' title='bbox 159 2728 246 2770; x_wconf 86' lang='lat' dir='ltr'>tur</span> <span class='ocrx_word' id='word_1_167' title='bbox 259 2727 316 2771; x_wconf 90' lang='lat' dir='ltr'>in</span> <span class='ocrx_word' id='word_1_168' title='bbox 332 2730 604 2783; x_wconf 84' lang='lat' dir='ltr'>parallelo</span> <span class='ocrx_word' id='word_1_169' title='bbox 624 2731 799 2774; x_wconf 89' lang='lat' dir='ltr'>centri</span> <span class='ocrx_word' id='word_1_170' title='bbox 816 2731 1167 2776; x_wconf 78' lang='lat' dir='ltr'>instrumenti.</span> 
     </span>
     <span class='ocr_line' id='line_1_41' title="bbox 156 2787 1200 2837; baseline 0.007 -7"><span class='ocrx_word' id='word_1_171' title='bbox 156 2787 298 2832; x_wconf 90' lang='lat' dir='ltr'>Inter</span> <span class='ocrx_word' id='word_1_172' title='bbox 315 2788 570 2834; x_wconf 92' lang='lat' dir='ltr'>humeros</span> <span class='ocrx_word' id='word_1_173' title='bbox 592 2790 837 2835; x_wconf 91' lang='lat' dir='ltr'>Herculis</span> <span class='ocrx_word' id='word_1_174' title='bbox 1058 2792 1111 2836; x_wconf 95' lang='lat'>10</span> <span class='ocrx_word' id='word_1_175' title='bbox 1147 2794 1200 2837; x_wconf 94' lang='lat'>17</span> 
     </span>
     <span class='ocr_line' id='line_1_42' title="bbox 523 2850 862 2894; baseline 0.006 -1"><span class='ocrx_word' id='word_1_176' title='bbox 523 2850 618 2893; x_wconf 90' lang='lat' dir='ltr'>Per</span> <span class='ocrx_word' id='word_1_177' title='bbox 638 2851 862 2894; x_wconf 91' lang='lat' dir='ltr'>Radium</span> 
     </span>
     <span class='ocr_line' id='line_1_43' title="bbox 156 2906 1200 2966; baseline 0.007 -18"><span class='ocrx_word' id='word_1_178' title='bbox 156 2906 296 2950; x_wconf 89' lang='lat' dir='ltr'>Inter</span> <span class='ocrx_word' id='word_1_179' title='bbox 314 2907 592 2953; x_wconf 90' lang='lat' dir='ltr'>Vulturem</span> <span class='ocrx_word' id='word_1_180' title='bbox 613 2913 666 2953; x_wconf 90' lang='lat' dir='ltr'>et</span> <span class='ocrx_word' id='word_1_181' title='bbox 685 2922 746 2954; x_wconf 94' lang='lat' dir='ltr'>os</span> <span class='ocrx_word' id='word_1_182' title='bbox 764 2911 937 2966; x_wconf 80' lang='lat' dir='ltr'>Pegasi</span> <span class='ocrx_word' id='word_1_183' title='bbox 1052 2912 1111 2955; x_wconf 92' lang='lat'>27</span> <span class='ocrx_word' id='word_1_184' title='bbox 1141 2912 1200 2955; x_wconf 88' lang='grc'>50</span> 
     </span>
     <span class='ocr_line' id='line_1_44' title="bbox 155 2966 1199 3024; baseline 0.007 -16"><span class='ocrx_word' id='word_1_185' title='bbox 155 2966 297 3010; x_wconf 91' lang='lat' dir='ltr'>Inter</span> <span class='ocrx_word' id='word_1_186' title='bbox 310 2979 371 3011; x_wconf 93' lang='lat' dir='ltr'>os</span> <span class='ocrx_word' id='word_1_187' title='bbox 391 2970 562 3024; x_wconf 85' lang='lat' dir='ltr'>pegafi</span> <span class='ocrx_word' id='word_1_188' title='bbox 584 2972 636 3013; x_wconf 94' lang='lat' dir='ltr'>et</span> <span class='ocrx_word' id='word_1_189' title='bbox 654 2970 889 3014; x_wconf 88' lang='lat' dir='ltr'>lucidam</span> <span class='ocrx_word' id='word_1_190' title='bbox 910 2971 1032 3015; x_wconf 93' lang='lat' dir='ltr'>colli</span> <span class='ocrx_word' id='word_1_191' title='bbox 1057 2972 1109 3016; x_wconf 90' lang='lat'>13</span> <span class='ocrx_word' id='word_1_192' title='bbox 1141 2973 1199 3015; x_wconf 89' lang='lat'>57</span> 
     </span>
     <span class='ocr_line' id='line_1_45' title="bbox 155 3025 1200 3084; baseline 0.007 -16"><span class='ocrx_word' id='word_1_193' title='bbox 155 3025 297 3069; x_wconf 93' lang='lat' dir='ltr'>Inter</span> <span class='ocrx_word' id='word_1_194' title='bbox 316 3038 377 3070; x_wconf 90' lang='lat' dir='ltr'>os</span> <span class='ocrx_word' id='word_1_195' title='bbox 396 3029 568 3083; x_wconf 85' lang='lat' dir='ltr'>pegafi</span> <span class='ocrx_word' id='word_1_196' title='bbox 589 3032 641 3072; x_wconf 91' lang='lat' dir='ltr'>et</span> <span class='ocrx_word' id='word_1_197' title='bbox 663 3030 896 3084; x_wconf 90' lang='lat' dir='ltr'>primam</span> <span class='ocrx_word' id='word_1_198' title='bbox 917 3032 1019 3074; x_wconf 86' lang='lat' dir='ltr'>alae</span> <span class='ocrx_word' id='word_1_199' title='bbox 1051 3031 1110 3074; x_wconf 89' lang='lat'>20</span> <span class='ocrx_word' id='word_1_200' title='bbox 1145 3031 1200 3075; x_wconf 93' lang='lat'>16</span> 
     </span>
     <span class='ocr_line' id='line_1_46' title="bbox 155 3084 1200 3143; baseline 0.007 -16"><span class='ocrx_word' id='word_1_201' title='bbox 155 3084 295 3129; x_wconf 91' lang='lat' dir='ltr'>Inter</span> <span class='ocrx_word' id='word_1_202' title='bbox 315 3097 375 3130; x_wconf 92' lang='lat' dir='ltr'>os</span> <span class='ocrx_word' id='word_1_203' title='bbox 394 3089 567 3143; x_wconf 86' lang='lat' dir='ltr'>pegafi</span> <span class='ocrx_word' id='word_1_204' title='bbox 588 3092 640 3132; x_wconf 93' lang='lat' dir='ltr'>et</span> <span class='ocrx_word' id='word_1_205' title='bbox 659 3089 855 3133; x_wconf 90' lang='lat' dir='ltr'>Scheat</span> <span class='ocrx_word' id='word_1_206' title='bbox 1051 3091 1109 3134; x_wconf 87' lang='lat'>25</span> <span class='ocrx_word' id='word_1_207' title='bbox 1141 3091 1200 3135; x_wconf 89' lang='lat'>46</span> 
     </span>
     <span class='ocr_line' id='line_1_47' title="bbox 155 3142 761 3192; baseline 0.01 -6"><span class='ocrx_word' id='word_1_208' title='bbox 155 3142 296 3188; x_wconf 91' lang='lat' dir='ltr'>Inter</span> <span class='ocrx_word' id='word_1_209' title='bbox 314 3146 547 3190; x_wconf 91' lang='lat' dir='ltr'>lucidam</span> <span class='ocrx_word' id='word_1_210' title='bbox 568 3149 690 3192; x_wconf 91' lang='lat' dir='ltr'>colli</span> <span class='ocrx_word' id='word_1_211' title='bbox 710 3152 761 3192; x_wconf 90' lang='lat' dir='ltr'>et</span> 
     </span>
     <span class='ocr_line' id='line_1_48' title="bbox 676 3208 1198 3264; baseline 0.006 -13"><span class='ocrx_word' id='word_1_212' title='bbox 676 3208 908 3264; x_wconf 90' lang='lat' dir='ltr'>primam</span> <span class='ocrx_word' id='word_1_213' title='bbox 929 3211 1031 3254; x_wconf 87' lang='lat' dir='ltr'>alae</span> <span class='ocrx_word' id='word_1_214' title='bbox 1081 3211 1109 3253; x_wconf 92' lang='lat'><strong>7</strong></span> <span class='ocrx_word' id='word_1_215' title='bbox 1171 3213 1198 3254; x_wconf 88' lang='lat'><strong>5</strong></span> 
     </span>
    </p>
   </div>
   <div class='ocr_carea' id='block_1_13' title="bbox 153 3270 1222 3368">
    <p class='ocr_par' dir='ltr' id='par_1_15' title="bbox 153 3270 1222 3368">
     <span class='ocr_line' id='line_1_49' title="bbox 153 3270 1222 3368; baseline 0.007 -15"><span class='ocrx_word' id='word_1_216' title='bbox 153 3311 343 3366; x_wconf 89' lang='lat' dir='ltr'>Aquila</span> <span class='ocrx_word' id='word_1_217' title='bbox 363 3315 416 3356; x_wconf 93' lang='lat' dir='ltr'>et</span> <span class='ocrx_word' id='word_1_218' title='bbox 434 3313 651 3359; x_wconf 89' lang='lat' dir='ltr'>inferius</span> <span class='ocrx_word' id='word_1_219' title='bbox 672 3327 840 3360; x_wconf 94' lang='lat' dir='ltr'>cornu</span> <span class='ocrx_word' id='word_1_220' title='bbox 867 3321 901 3368; x_wconf 69' lang='lat' dir='ltr'>z</span> <span class='ocrx_word' id='word_1_221' title='bbox 1111 3270 1222 3314; x_wconf 72' lang='lat' dir='ltr'>fere</span> 
     </span>
    </p>
   </div>
   <div class='ocr_carea' id='block_1_14' title="bbox 843 3375 1199 3421">
    <p class='ocr_par' dir='ltr' id='par_1_16' title="bbox 843 3375 1199 3421">
     <span class='ocr_line' id='line_1_50' title="bbox 843 3375 1199 3421; baseline 0.008 -3"><span class='ocrx_word' id='word_1_222' title='bbox 843 3375 1031 3419; x_wconf 86' lang='lat' dir='ltr'>distant</span> <span class='ocrx_word' id='word_1_223' title='bbox 1049 3377 1109 3420; x_wconf 89' lang='lat'>24</span> <span class='ocrx_word' id='word_1_224' title='bbox 1138 3377 1199 3421; x_wconf 87' lang='lat'>34</span> 
     </span>
    </p>
   </div>
   <div class='ocr_carea' id='block_1_15' title="bbox 2280 323 2372 376">
    <p class='ocr_par' dir='ltr' id='par_1_17' title="bbox 2280 323 2372 376">
     <span class='ocr_line' id='line_1_51' title="bbox 2280 323 2372 376; baseline 0.011 -1"><span class='ocrx_word' id='word_1_225' title='bbox 2280 323 2372 376; x_wconf 89' lang='grc'>125</span> 
     </span>
    </p>
   </div>
   <div class='ocr_carea' id='block_1_16' title="bbox 1303 459 2374 1048">
    <p class='ocr_par' dir='ltr' id='par_1_18' title="bbox 1303 459 2374 799">
     <span class='ocr_line' id='line_1_52' title="bbox 1366 459 2374 515; baseline 0.003 -12"><span class='ocrx_word' id='word_1_226' title='bbox 1366 460 1608 512; x_wconf 89' lang='lat' dir='ltr'>Quatuor</span> <span class='ocrx_word' id='word_1_227' title='bbox 1648 459 2014 515; x_wconf 70' lang='lat' dir='ltr'>praecedentes</span> <span class='ocrx_word' id='word_1_228' title='bbox 2056 461 2374 506; x_wconf 81' lang='lat' dir='ltr'>obseruatio-</span> 
     </span>
     <span class='ocr_line' id='line_1_53' title="bbox 1305 517 2115 573; baseline 0.001 -11"><span class='ocrx_word' id='word_1_229' title='bbox 1305 531 1399 562; x_wconf 92' lang='lat' dir='ltr'>nes</span> <span class='ocrx_word' id='word_1_230' title='bbox 1420 517 1577 562; x_wconf 66' lang='lat' dir='ltr'>fac‘tae</span> <span class='ocrx_word' id='word_1_231' title='bbox 1599 519 1714 561; x_wconf 86' lang='lat' dir='ltr'>sunt</span> <span class='ocrx_word' id='word_1_232' title='bbox 1733 530 1829 573; x_wconf 94' lang='lat' dir='ltr'>per</span> <span class='ocrx_word' id='word_1_233' title='bbox 1848 520 2115 564; x_wconf 91' lang='lat' dir='ltr'>nebulam.</span> 
     </span>
     <span class='ocr_line' id='line_1_54' title="bbox 1304 578 2350 632; baseline 0.003 -11"><span class='ocrx_word' id='word_1_234' title='bbox 1304 578 1496 632; x_wconf 91' lang='lat' dir='ltr'>Aquila</span> <span class='ocrx_word' id='word_1_235' title='bbox 1516 581 1568 621; x_wconf 95' lang='lat' dir='ltr'>et</span> <span class='ocrx_word' id='word_1_236' title='bbox 1588 589 1648 621; x_wconf 93' lang='lat' dir='ltr'>os</span> <span class='ocrx_word' id='word_1_237' title='bbox 1667 578 1841 632; x_wconf 84' lang='lat' dir='ltr'>pegafi</span> <span class='ocrx_word' id='word_1_238' title='bbox 2072 579 2183 622; x_wconf 91' lang='lat' dir='ltr'>fere</span> <span class='ocrx_word' id='word_1_239' title='bbox 2203 580 2259 622; x_wconf 90' lang='lat'>27</span> <span class='ocrx_word' id='word_1_240' title='bbox 2292 581 2350 624; x_wconf 88' lang='lat'>50</span> 
     </span>
     <span class='ocr_line' id='line_1_55' title="bbox 1304 637 2370 692; baseline 0.005 -12"><span class='ocrx_word' id='word_1_241' title='bbox 1304 637 1494 692; x_wconf 91' lang='lat' dir='ltr'>Aquila</span> <span class='ocrx_word' id='word_1_242' title='bbox 1505 640 1558 681; x_wconf 93' lang='lat' dir='ltr'>et</span> <span class='ocrx_word' id='word_1_243' title='bbox 1569 637 1765 680; x_wconf 86' lang='lat' dir='ltr'>finistra</span> <span class='ocrx_word' id='word_1_244' title='bbox 1776 649 1969 680; x_wconf 90' lang='lat' dir='ltr'>manus</span> <span class='ocrx_word' id='word_1_245' title='bbox 1979 638 2193 682; x_wconf 87' lang='lat' dir='ltr'>Antinoi</span> <span class='ocrx_word' id='word_1_246' title='bbox 2208 639 2260 682; x_wconf 93' lang='grc'>10</span> <span class='ocrx_word' id='word_1_247' title='bbox 2291 640 2370 686; x_wconf 61' lang='grc'>491</span> 
     </span>
     <span class='ocr_line' id='line_1_56' title="bbox 1303 696 2351 751; baseline 0.002 -12"><span class='ocrx_word' id='word_1_248' title='bbox 1303 696 1494 751; x_wconf 92' lang='lat' dir='ltr'>Aquila</span> <span class='ocrx_word' id='word_1_249' title='bbox 1515 699 1566 740; x_wconf 94' lang='lat' dir='ltr'>et</span> <span class='ocrx_word' id='word_1_250' title='bbox 1585 696 1802 739; x_wconf 87' lang='lat' dir='ltr'>inferius</span> <span class='ocrx_word' id='word_1_251' title='bbox 1823 707 1991 739; x_wconf 93' lang='lat' dir='ltr'>cornu</span> <span class='ocrx_word' id='word_1_252' title='bbox 2014 701 2049 748; x_wconf 71' lang='lat' dir='ltr'><strong><em>z</em></strong></span> <span class='ocrx_word' id='word_1_253' title='bbox 2203 698 2261 740; x_wconf 88' lang='lat'>24</span> <span class='ocrx_word' id='word_1_254' title='bbox 2292 698 2351 741; x_wconf 88' lang='lat'>34</span> 
     </span>
     <span class='ocr_line' id='line_1_57' title="bbox 1306 755 2036 799; baseline 0 0"><span class='ocrx_word' id='word_1_255' title='bbox 1306 756 1498 799; x_wconf 90' lang='lat' dir='ltr'>Manus</span> <span class='ocrx_word' id='word_1_256' title='bbox 1518 755 1730 799; x_wconf 88' lang='lat' dir='ltr'>Antinoi</span> <span class='ocrx_word' id='word_1_257' title='bbox 1750 758 1801 799; x_wconf 90' lang='lat' dir='ltr'>et</span> <span class='ocrx_word' id='word_1_258' title='bbox 1820 755 2036 799; x_wconf 85' lang='lat' dir='ltr'>inferius</span> 
     </span>
    </p>

    <p class='ocr_par' dir='ltr' id='par_1_19' title="bbox 1951 816 2374 867">
     <span class='ocr_line' id='line_1_58' title="bbox 1951 816 2374 867; baseline 0 -9"><span class='ocrx_word' id='word_1_259' title='bbox 1951 826 2119 858; x_wconf 92' lang='lat' dir='ltr'>cornu</span> <span class='ocrx_word' id='word_1_260' title='bbox 2145 820 2179 867; x_wconf 73' lang='lat' dir='ltr'><strong><em>z</em></strong></span> <span class='ocrx_word' id='word_1_261' title='bbox 2209 816 2260 859; x_wconf 87' lang='lat'>13</span> <span class='ocrx_word' id='word_1_262' title='bbox 2292 816 2374 863; x_wconf 53' lang='lat'>56}</span> 
     </span>
    </p>

    <p class='ocr_par' dir='ltr' id='par_1_20' title="bbox 1303 873 2351 988">
     <span class='ocr_line' id='line_1_59' title="bbox 1303 873 2351 928; baseline 0.002 -11"><span class='ocrx_word' id='word_1_263' title='bbox 1303 874 1492 928; x_wconf 87' lang='lat' dir='ltr'>Aquila</span> <span class='ocrx_word' id='word_1_264' title='bbox 1513 876 1564 917; x_wconf 92' lang='lat' dir='ltr'>et</span> <span class='ocrx_word' id='word_1_265' title='bbox 1585 873 1778 917; x_wconf 75' lang='lat' dir='ltr'>sinister</span> <span class='ocrx_word' id='word_1_266' title='bbox 1797 873 2052 918; x_wconf 88' lang='lat' dir='ltr'>humerus</span> <span class='ocrx_word' id='word_1_267' title='bbox 2067 884 2124 922; x_wconf 58' lang='lat' dir='ltr'>m</span> <span class='ocrx_word' id='word_1_268' title='bbox 2202 875 2261 918; x_wconf 89' lang='lat'>28</span> <span class='ocrx_word' id='word_1_269' title='bbox 2292 876 2351 919; x_wconf 84' lang='lat'>30</span> 
     </span>
     <span class='ocr_line' id='line_1_60' title="bbox 1303 934 2349 988; baseline 0 -11"><span class='ocrx_word' id='word_1_270' title='bbox 1303 934 1537 988; x_wconf 92' lang='lat' dir='ltr'>Vterque</span> <span class='ocrx_word' id='word_1_271' title='bbox 1557 934 1814 977; x_wconf 89' lang='lat' dir='ltr'>humerus</span> <span class='ocrx_word' id='word_1_272' title='bbox 1828 942 1886 980; x_wconf 61' lang='lat' dir='ltr'>xa</span> <span class='ocrx_word' id='word_1_273' title='bbox 2232 934 2261 977; x_wconf 86' lang='lat'>9</span> <span class='ocrx_word' id='word_1_274' title='bbox 2292 936 2349 978; x_wconf 92' lang='lat'>55</span> 
     </span>
    </p>

    <p class='ocr_par' dir='ltr' id='par_1_21' title="bbox 1364 993 2374 1048">
     <span class='ocr_line' id='line_1_61' title="bbox 1364 993 2374 1048; baseline 0.001 -12"><span class='ocrx_word' id='word_1_275' title='bbox 1364 993 1574 1037; x_wconf 86' lang='lat' dir='ltr'>Sinister</span> <span class='ocrx_word' id='word_1_276' title='bbox 1609 993 1865 1036; x_wconf 89' lang='lat' dir='ltr'>humerus</span> <span class='ocrx_word' id='word_1_277' title='bbox 1900 1004 2009 1037; x_wconf 92' lang='lat' dir='ltr'>non</span> <span class='ocrx_word' id='word_1_278' title='bbox 2047 993 2168 1037; x_wconf 82' lang='lat' dir='ltr'>fatis</span> <span class='ocrx_word' id='word_1_279' title='bbox 2205 995 2374 1048; x_wconf 90' lang='lat' dir='ltr'>potuit</span> 
     </span>
    </p>
   </div>
   <div class='ocr_carea' id='block_1_17' title="bbox 1303 1052 2374 1394">
    <p class='ocr_par' dir='ltr' id='par_1_22' title="bbox 1303 1052 1486 1097">
     <span class='ocr_line' id='line_1_62' title="bbox 1303 1052 1486 1097; baseline 0.005 -2"><span class='ocrx_word' id='word_1_280' title='bbox 1303 1052 1486 1097; x_wconf 91' lang='lat' dir='ltr'>videri.</span> 
     </span>
    </p>

    <p class='ocr_par' dir='ltr' id='par_1_23' title="bbox 1304 1111 2374 1394">
     <span class='ocr_line' id='line_1_63' title="bbox 1304 1111 2351 1167; baseline 0 -11"><span class='ocrx_word' id='word_1_281' title='bbox 1304 1112 1378 1156; x_wconf 92' lang='lat' dir='ltr'>Os</span> <span class='ocrx_word' id='word_1_282' title='bbox 1398 1112 1570 1167; x_wconf 84' lang='lat' dir='ltr'>pegafi</span> <span class='ocrx_word' id='word_1_283' title='bbox 1591 1115 1643 1155; x_wconf 91' lang='lat' dir='ltr'>et</span> <span class='ocrx_word' id='word_1_284' title='bbox 1662 1111 1839 1155; x_wconf 90' lang='lat' dir='ltr'>lucida</span> <span class='ocrx_word' id='word_1_285' title='bbox 1860 1112 1982 1156; x_wconf 89' lang='lat' dir='ltr'>colli</span> <span class='ocrx_word' id='word_1_286' title='bbox 2208 1112 2262 1155; x_wconf 92' lang='lat'>14</span> <span class='ocrx_word' id='word_1_287' title='bbox 2323 1113 2351 1156; x_wconf 92' lang='lat'>0</span> 
     </span>
     <span class='ocr_line' id='line_1_64' title="bbox 1304 1171 2350 1227; baseline -0.001 -11"><span class='ocrx_word' id='word_1_288' title='bbox 1304 1172 1378 1216; x_wconf 91' lang='lat' dir='ltr'>Os</span> <span class='ocrx_word' id='word_1_289' title='bbox 1398 1172 1570 1227; x_wconf 86' lang='lat' dir='ltr'>pegafi</span> <span class='ocrx_word' id='word_1_290' title='bbox 1593 1175 1646 1215; x_wconf 92' lang='lat' dir='ltr'>et</span> <span class='ocrx_word' id='word_1_291' title='bbox 1666 1171 1862 1215; x_wconf 91' lang='lat' dir='ltr'>Scheat</span> <span class='ocrx_word' id='word_1_292' title='bbox 2073 1172 2184 1216; x_wconf 88' lang='lat' dir='ltr'>fere</span> <span class='ocrx_word' id='word_1_293' title='bbox 2203 1172 2261 1215; x_wconf 88' lang='lat'>25</span> <span class='ocrx_word' id='word_1_294' title='bbox 2292 1172 2350 1215; x_wconf 90' lang='lat'>47</span> 
     </span>
     <span class='ocr_line' id='line_1_65' title="bbox 1304 1231 2374 1286; baseline -0.001 -11"><span class='ocrx_word' id='word_1_295' title='bbox 1304 1231 1507 1275; x_wconf 91' lang='lat' dir='ltr'>Lucida</span> <span class='ocrx_word' id='word_1_296' title='bbox 1528 1231 1651 1275; x_wconf 93' lang='lat' dir='ltr'>colli</span> <span class='ocrx_word' id='word_1_297' title='bbox 1670 1234 1723 1274; x_wconf 90' lang='lat' dir='ltr'>et</span> <span class='ocrx_word' id='word_1_298' title='bbox 1741 1231 1914 1286; x_wconf 89' lang='lat' dir='ltr'>prima</span> <span class='ocrx_word' id='word_1_299' title='bbox 1936 1232 2038 1274; x_wconf 84' lang='lat' dir='ltr'>alae</span> <span class='ocrx_word' id='word_1_300' title='bbox 2234 1233 2260 1274; x_wconf 93' lang='lat'>7</span> <span class='ocrx_word' id='word_1_301' title='bbox 2322 1232 2374 1279; x_wconf 43' lang='grc' dir='ltr'>ἐμὲ</span> 
     </span>
     <span class='ocr_line' id='line_1_66' title="bbox 1304 1291 2350 1346; baseline -0.001 -12"><span class='ocrx_word' id='word_1_302' title='bbox 1304 1291 1377 1334; x_wconf 92' lang='lat' dir='ltr'>Os</span> <span class='ocrx_word' id='word_1_303' title='bbox 1397 1291 1569 1346; x_wconf 84' lang='lat' dir='ltr'>pegafi</span> <span class='ocrx_word' id='word_1_304' title='bbox 1590 1294 1642 1334; x_wconf 93' lang='lat' dir='ltr'>et</span> <span class='ocrx_word' id='word_1_305' title='bbox 1661 1291 1835 1345; x_wconf 87' lang='lat' dir='ltr'>prima</span> <span class='ocrx_word' id='word_1_306' title='bbox 1855 1291 1958 1333; x_wconf 83' lang='lat' dir='ltr'>alae</span> <span class='ocrx_word' id='word_1_307' title='bbox 2203 1291 2262 1334; x_wconf 87' lang='lat'>20</span> <span class='ocrx_word' id='word_1_308' title='bbox 2298 1291 2350 1334; x_wconf 90' lang='lat'>12</span> 
     </span>
     <span class='ocr_line' id='line_1_67' title="bbox 1305 1341 2374 1394; baseline -0.001 0"><span class='ocrx_word' id='word_1_309' title='bbox 1305 1351 1508 1394; x_wconf 89' lang='lat' dir='ltr'>Lucida</span> <span class='ocrx_word' id='word_1_310' title='bbox 1529 1350 1650 1394; x_wconf 92' lang='lat' dir='ltr'>colli</span> <span class='ocrx_word' id='word_1_311' title='bbox 1671 1353 1722 1394; x_wconf 89' lang='lat' dir='ltr'>et</span> <span class='ocrx_word' id='word_1_312' title='bbox 1742 1350 1937 1394; x_wconf 90' lang='lat' dir='ltr'>Scheat</span> <span class='ocrx_word' id='word_1_313' title='bbox 2208 1350 2260 1393; x_wconf 94' lang='lat'>17</span> <span class='ocrx_word' id='word_1_314' title='bbox 2292 1341 2374 1394; x_wconf 70' lang='grc' dir='ltr'>,5οὲ</span> 
     </span>
    </p>
   </div>
   <div class='ocr_carea' id='block_1_18' title="bbox 1568 1480 2116 1525">
    <p class='ocr_par' dir='ltr' id='par_1_24' title="bbox 1568 1480 2116 1525">
     <span class='ocr_line' id='line_1_68' title="bbox 1568 1480 2116 1525; baseline 0 -1"><span class='ocrx_word' id='word_1_315' title='bbox 1568 1482 1680 1525; x_wconf 91' lang='lat' dir='ltr'>DIE</span> <span class='ocrx_word' id='word_1_316' title='bbox 1700 1481 1759 1525; x_wconf 90' lang='grc'>30</span> <span class='ocrx_word' id='word_1_317' title='bbox 1779 1480 2116 1525; x_wconf 85' lang='lat' dir='ltr'>OCTOBRIS.</span> 
     </span>
    </p>
   </div>
   <div class='ocr_carea' id='block_1_19' title="bbox 1300 1553 2374 2611">
    <p class='ocr_par' dir='ltr' id='par_1_25' title="bbox 1300 1553 2374 2611">
     <span class='ocr_line' id='line_1_69' title="bbox 1305 1553 1864 1608; baseline 0 -12"><span class='ocrx_word' id='word_1_318' title='bbox 1305 1553 1506 1597; x_wconf 86' lang='lat' dir='ltr'>Distant</span> <span class='ocrx_word' id='word_1_319' title='bbox 1527 1565 1621 1608; x_wconf 92' lang='lat' dir='ltr'>per</span> <span class='ocrx_word' id='word_1_320' title='bbox 1641 1553 1864 1597; x_wconf 90' lang='lat' dir='ltr'>Radium</span> 
     </span>
     <span class='ocr_line' id='line_1_70' title="bbox 1306 1612 2017 1667; baseline -0.001 -11"><span class='ocrx_word' id='word_1_321' title='bbox 1306 1612 1509 1656; x_wconf 90' lang='lat' dir='ltr'>Lucida</span> <span class='ocrx_word' id='word_1_322' title='bbox 1529 1613 1764 1656; x_wconf 89' lang='lat' dir='ltr'>Vulturis</span> <span class='ocrx_word' id='word_1_323' title='bbox 1784 1615 1836 1656; x_wconf 93' lang='lat' dir='ltr'>et</span> <span class='ocrx_word' id='word_1_324' title='bbox 1856 1615 2017 1667; x_wconf 90' lang='lat' dir='ltr'>caput</span> 
     </span>
     <span class='ocr_line' id='line_1_71' title="bbox 1918 1671 2349 1727; baseline -0.002 -12"><span class='ocrx_word' id='word_1_325' title='bbox 1918 1671 2183 1727; x_wconf 91' lang='lat' dir='ltr'>Ophiuchi</span> <span class='ocrx_word' id='word_1_326' title='bbox 2203 1672 2260 1715; x_wconf 87' lang='lat'>33</span> <span class='ocrx_word' id='word_1_327' title='bbox 2292 1672 2349 1714; x_wconf 89' lang='lat'>28</span> 
     </span>
     <span class='ocr_line' id='line_1_72' title="bbox 1306 1732 2017 1786; baseline -0.001 -11"><span class='ocrx_word' id='word_1_328' title='bbox 1306 1732 1510 1775; x_wconf 89' lang='lat' dir='ltr'>Lucida</span> <span class='ocrx_word' id='word_1_329' title='bbox 1528 1732 1762 1776; x_wconf 88' lang='lat' dir='ltr'>Vulturis</span> <span class='ocrx_word' id='word_1_330' title='bbox 1783 1735 1835 1775; x_wconf 92' lang='lat' dir='ltr'>et</span> <span class='ocrx_word' id='word_1_331' title='bbox 1855 1735 2017 1786; x_wconf 92' lang='lat' dir='ltr'>caput</span> 
     </span>
     <span class='ocr_line' id='line_1_73' title="bbox 1939 1790 2349 1835; baseline 0 -1"><span class='ocrx_word' id='word_1_332' title='bbox 1939 1791 2183 1835; x_wconf 91' lang='lat' dir='ltr'>Herculis</span> <span class='ocrx_word' id='word_1_333' title='bbox 2202 1791 2260 1834; x_wconf 87' lang='lat'>38</span> <span class='ocrx_word' id='word_1_334' title='bbox 2292 1790 2349 1834; x_wconf 88' lang='grc'>39</span> 
     </span>
     <span class='ocr_line' id='line_1_74' title="bbox 1364 1850 2374 1906; baseline 0 -13"><span class='ocrx_word' id='word_1_335' title='bbox 1364 1851 1466 1895; x_wconf 90' lang='grc' dir='ltr'>Η8</span> <span class='ocrx_word' id='word_1_336' title='bbox 1481 1851 1878 1895; x_wconf 83' lang='lat' dir='ltr'>obseruationes</span> <span class='ocrx_word' id='word_1_337' title='bbox 1886 1852 2001 1894; x_wconf 84' lang='lat' dir='ltr'>sunt</span> <span class='ocrx_word' id='word_1_338' title='bbox 2013 1850 2172 1894; x_wconf 77' lang='lat' dir='ltr'>facstae</span> <span class='ocrx_word' id='word_1_339' title='bbox 2180 1863 2275 1906; x_wconf 89' lang='lat' dir='ltr'>per</span> <span class='ocrx_word' id='word_1_340' title='bbox 2288 1863 2374 1894; x_wconf 85' lang='lat' dir='ltr'>ex-</span> 
     </span>
     <span class='ocr_line' id='line_1_75' title="bbox 1300 1911 2374 1966; baseline -0.001 -11"><span class='ocrx_word' id='word_1_341' title='bbox 1300 1914 1474 1955; x_wconf 90' lang='lat' dir='ltr'>trema</span> <span class='ocrx_word' id='word_1_342' title='bbox 1488 1911 1791 1966; x_wconf 89' lang='lat' dir='ltr'>pinnacidia</span> <span class='ocrx_word' id='word_1_343' title='bbox 1806 1911 1949 1966; x_wconf 91' lang='lat' dir='ltr'>Radij</span> <span class='ocrx_word' id='word_1_344' title='bbox 1970 1911 2024 1953; x_wconf 93' lang='lat' dir='ltr'>in</span> <span class='ocrx_word' id='word_1_345' title='bbox 2037 1923 2232 1966; x_wconf 90' lang='lat' dir='ltr'>magna</span> <span class='ocrx_word' id='word_1_346' title='bbox 2244 1914 2374 1954; x_wconf 88' lang='lat' dir='ltr'>tem-</span> 
     </span>
     <span class='ocr_line' id='line_1_76' title="bbox 1301 1970 1513 2025; baseline 0 -11"><span class='ocrx_word' id='word_1_347' title='bbox 1301 1970 1513 2025; x_wconf 85' lang='lat' dir='ltr'>pestate.</span> 
     </span>
     <span class='ocr_line' id='line_1_77' title="bbox 1302 2029 2349 2086; baseline -0.001 -13"><span class='ocrx_word' id='word_1_348' title='bbox 1302 2030 1484 2074; x_wconf 89' lang='lat' dir='ltr'>Cauda</span> <span class='ocrx_word' id='word_1_349' title='bbox 1504 2030 1726 2074; x_wconf 91' lang='lat' dir='ltr'>vulturis</span> <span class='ocrx_word' id='word_1_350' title='bbox 1746 2034 1798 2074; x_wconf 93' lang='lat' dir='ltr'>et</span> <span class='ocrx_word' id='word_1_351' title='bbox 1818 2042 1879 2074; x_wconf 92' lang='lat' dir='ltr'>os</span> <span class='ocrx_word' id='word_1_352' title='bbox 1899 2030 2071 2086; x_wconf 86' lang='lat' dir='ltr'>Pegafi</span> <span class='ocrx_word' id='word_1_353' title='bbox 2201 2029 2253 2072; x_wconf 91' lang='lat'>41</span> <span class='ocrx_word' id='word_1_354' title='bbox 2290 2029 2349 2073; x_wconf 88' lang='lat'>59</span> 
     </span>
     <span class='ocr_line' id='line_1_78' title="bbox 1302 2090 2068 2146; baseline -0.001 -13"><span class='ocrx_word' id='word_1_355' title='bbox 1302 2090 1376 2134; x_wconf 92' lang='lat' dir='ltr'>Os</span> <span class='ocrx_word' id='word_1_356' title='bbox 1396 2092 1568 2146; x_wconf 85' lang='lat' dir='ltr'>pegafi</span> <span class='ocrx_word' id='word_1_357' title='bbox 1589 2093 1641 2134; x_wconf 91' lang='lat' dir='ltr'>et</span> <span class='ocrx_word' id='word_1_358' title='bbox 1661 2090 1856 2134; x_wconf 84' lang='lat' dir='ltr'>finistra</span> <span class='ocrx_word' id='word_1_359' title='bbox 1876 2101 2068 2133; x_wconf 90' lang='lat' dir='ltr'>manus</span> 
     </span>
     <span class='ocr_line' id='line_1_79' title="bbox 1970 2148 2347 2192; baseline -0.003 0"><span class='ocrx_word' id='word_1_360' title='bbox 1970 2148 2182 2192; x_wconf 90' lang='lat' dir='ltr'>Antinoi</span> <span class='ocrx_word' id='word_1_361' title='bbox 2199 2149 2257 2191; x_wconf 89' lang='lat'>25</span> <span class='ocrx_word' id='word_1_362' title='bbox 2289 2149 2347 2192; x_wconf 89' lang='lat'>23</span> 
     </span>
     <span class='ocr_line' id='line_1_80' title="bbox 1302 2208 2347 2265; baseline -0.002 -12"><span class='ocrx_word' id='word_1_363' title='bbox 1302 2209 1375 2253; x_wconf 92' lang='lat' dir='ltr'>Os</span> <span class='ocrx_word' id='word_1_364' title='bbox 1389 2210 1562 2265; x_wconf 83' lang='lat' dir='ltr'>pegasi</span> <span class='ocrx_word' id='word_1_365' title='bbox 1583 2212 1634 2253; x_wconf 95' lang='lat' dir='ltr'>et</span> <span class='ocrx_word' id='word_1_366' title='bbox 1649 2210 1898 2253; x_wconf 85' lang='lat' dir='ltr'>dextrum</span> <span class='ocrx_word' id='word_1_367' title='bbox 1912 2220 2048 2264; x_wconf 90' lang='lat' dir='ltr'>genu</span> <span class='ocrx_word' id='word_1_368' title='bbox 2069 2208 2180 2252; x_wconf 90' lang='lat' dir='ltr'>eius</span> <span class='ocrx_word' id='word_1_369' title='bbox 2200 2208 2259 2251; x_wconf 88' lang='grc'>24</span> <span class='ocrx_word' id='word_1_370' title='bbox 2289 2208 2347 2252; x_wconf 90' lang='grc'>26</span> 
     </span>
     <span class='ocr_line' id='line_1_81' title="bbox 1302 2269 1913 2324; baseline -0.002 -12"><span class='ocrx_word' id='word_1_371' title='bbox 1302 2269 1507 2313; x_wconf 90' lang='lat' dir='ltr'>Lucida</span> <span class='ocrx_word' id='word_1_372' title='bbox 1527 2269 1650 2313; x_wconf 92' lang='lat' dir='ltr'>colli</span> <span class='ocrx_word' id='word_1_373' title='bbox 1669 2269 1841 2324; x_wconf 85' lang='lat' dir='ltr'>Pegafi</span> <span class='ocrx_word' id='word_1_374' title='bbox 1861 2271 1913 2312; x_wconf 93' lang='lat' dir='ltr'>et</span> 
     </span>
     <span class='ocr_line' id='line_1_82' title="bbox 1777 2327 2348 2383; baseline -0.004 -11"><span class='ocrx_word' id='word_1_375' title='bbox 1777 2331 2025 2372; x_wconf 88' lang='lat' dir='ltr'>dextrum</span> <span class='ocrx_word' id='word_1_376' title='bbox 2046 2339 2181 2383; x_wconf 91' lang='lat' dir='ltr'>genu</span> <span class='ocrx_word' id='word_1_377' title='bbox 2204 2327 2258 2370; x_wconf 90' lang='lat'>19</span> <span class='ocrx_word' id='word_1_378' title='bbox 2318 2327 2348 2370; x_wconf 92' lang='lat'>4</span> 
     </span>
     <span class='ocr_line' id='line_1_83' title="bbox 1302 2386 2347 2444; baseline -0.002 -13"><span class='ocrx_word' id='word_1_379' title='bbox 1302 2388 1505 2432; x_wconf 90' lang='lat' dir='ltr'>Lucida</span> <span class='ocrx_word' id='word_1_380' title='bbox 1526 2389 1647 2432; x_wconf 92' lang='lat' dir='ltr'>colli</span> <span class='ocrx_word' id='word_1_381' title='bbox 1667 2389 1839 2444; x_wconf 85' lang='lat' dir='ltr'>pegafi</span> <span class='ocrx_word' id='word_1_382' title='bbox 1860 2391 1912 2431; x_wconf 93' lang='lat' dir='ltr'>et</span> <span class='ocrx_word' id='word_1_383' title='bbox 1931 2387 2127 2431; x_wconf 90' lang='lat' dir='ltr'>Scheat</span> <span class='ocrx_word' id='word_1_384' title='bbox 2204 2387 2256 2429; x_wconf 94' lang='lat'>17</span> <span class='ocrx_word' id='word_1_385' title='bbox 2288 2386 2347 2429; x_wconf 89' lang='lat'>42</span> 
     </span>
     <span class='ocr_line' id='line_1_84' title="bbox 1795 2446 2347 2501; baseline -0.002 -11"><span class='ocrx_word' id='word_1_386' title='bbox 1795 2447 1974 2492; x_wconf 88' lang='lat' dir='ltr'>Postea</span> <span class='ocrx_word' id='word_1_387' title='bbox 1996 2447 2181 2501; x_wconf 90' lang='lat' dir='ltr'>accepi</span> <span class='ocrx_word' id='word_1_388' title='bbox 2204 2447 2256 2489; x_wconf 96' lang='lat'>17</span> <span class='ocrx_word' id='word_1_389' title='bbox 2288 2446 2347 2490; x_wconf 90' lang='lat'>40</span> 
     </span>
     <span class='ocr_line' id='line_1_85' title="bbox 1302 2506 2346 2563; baseline -0.003 -12"><span class='ocrx_word' id='word_1_390' title='bbox 1302 2507 1375 2551; x_wconf 90' lang='lat' dir='ltr'>Os</span> <span class='ocrx_word' id='word_1_391' title='bbox 1395 2508 1567 2563; x_wconf 87' lang='lat' dir='ltr'>pegafi</span> <span class='ocrx_word' id='word_1_392' title='bbox 1588 2510 1641 2551; x_wconf 91' lang='lat' dir='ltr'>et</span> <span class='ocrx_word' id='word_1_393' title='bbox 1660 2510 1821 2562; x_wconf 91' lang='lat' dir='ltr'>caput</span> <span class='ocrx_word' id='word_1_394' title='bbox 1842 2507 1954 2551; x_wconf 90' lang='lat' dir='ltr'>eius</span> <span class='ocrx_word' id='word_1_395' title='bbox 2230 2508 2256 2549; x_wconf 95' lang='lat'>7</span> <span class='ocrx_word' id='word_1_396' title='bbox 2293 2506 2346 2549; x_wconf 92' lang='lat'>15</span> 
     </span>
     <span class='ocr_line' id='line_1_86' title="bbox 1805 2565 2348 2611; baseline -0.002 -2"><span class='ocrx_word' id='word_1_397' title='bbox 1805 2567 1985 2611; x_wconf 86' lang='lat' dir='ltr'>Postea</span> <span class='ocrx_word' id='word_1_398' title='bbox 2230 2566 2258 2608; x_wconf 98' lang='lat'>7</span> <span class='ocrx_word' id='word_1_399' title='bbox 2294 2565 2348 2608; x_wconf 90' lang='lat'>16</span> 
     </span>
    </p>
   </div>
   <div class='ocr_carea' id='block_1_20' title="bbox 1503 2707 2156 2754">
    <p class='ocr_par' dir='ltr' id='par_1_26' title="bbox 1503 2707 2156 2754">
     <span class='ocr_line' id='line_1_87' title="bbox 1503 2707 2156 2754; baseline -0.002 -2"><span class='ocrx_word' id='word_1_400' title='bbox 1503 2709 1633 2753; x_wconf 91' lang='lat' dir='ltr'>DIE</span> <span class='ocrx_word' id='word_1_401' title='bbox 1646 2709 1678 2752; x_wconf 91' lang='lat'><em>2</em></span> <span class='ocrx_word' id='word_1_402' title='bbox 1696 2708 1801 2754; x_wconf 91' lang='grc' dir='ltr'>ΝΟ</span> <span class='ocrx_word' id='word_1_403' title='bbox 1812 2707 2156 2753; x_wconf 87' lang='lat' dir='ltr'>UEMBRIS.</span> 
     </span>
    </p>
   </div>
   <div class='ocr_carea' id='block_1_21' title="bbox 1294 2779 2372 3428">
    <p class='ocr_par' dir='ltr' id='par_1_27' title="bbox 1294 2779 2372 3428">
     <span class='ocr_line' id='line_1_88' title="bbox 1358 2779 2370 2834; baseline -0.002 -10"><span class='ocrx_word' id='word_1_404' title='bbox 1358 2781 1470 2824; x_wconf 91' lang='lat' dir='ltr'>Per</span> <span class='ocrx_word' id='word_1_405' title='bbox 1484 2780 1753 2825; x_wconf 86' lang='lat' dir='ltr'>Armillas</span> <span class='ocrx_word' id='word_1_406' title='bbox 1773 2779 2101 2824; x_wconf 77' lang='lat' dir='ltr'>rec‘tfficatas</span> <span class='ocrx_word' id='word_1_407' title='bbox 2116 2790 2224 2834; x_wconf 85' lang='lat' dir='ltr'>per</span> <span class='ocrx_word' id='word_1_408' title='bbox 2243 2779 2370 2823; x_wconf 90' lang='lat' dir='ltr'>Vul-</span> 
     </span>
     <span class='ocr_line' id='line_1_89' title="bbox 1301 2838 2366 2895; baseline -0.003 -11"><span class='ocrx_word' id='word_1_409' title='bbox 1301 2841 1471 2884; x_wconf 83' lang='lat' dir='ltr'>turem</span> <span class='ocrx_word' id='word_1_410' title='bbox 1508 2840 1587 2886; x_wconf 89' lang='lat' dir='ltr'>Os</span> <span class='ocrx_word' id='word_1_411' title='bbox 1616 2840 1812 2895; x_wconf 78' lang='lat' dir='ltr'>Pegasi</span> <span class='ocrx_word' id='word_1_412' title='bbox 1834 2840 1974 2883; x_wconf 63' lang='lat'>2555</span> <span class='ocrx_word' id='word_1_413' title='bbox 1996 2849 2053 2888; x_wconf 59' lang='lat' dir='ltr'>m</span> <span class='ocrx_word' id='word_1_414' title='bbox 2076 2840 2166 2883; x_wconf 88' lang='lat' dir='ltr'>lat.</span> <span class='ocrx_word' id='word_1_415' title='bbox 2196 2838 2366 2882; x_wconf 85' lang='lat' dir='ltr'>2l.58¹.</span> 
     </span>
     <span class='ocr_line' id='line_1_90' title="bbox 1301 2897 2372 2953; baseline -0.003 -9"><span class='ocrx_word' id='word_1_416' title='bbox 1301 2899 1654 2945; x_wconf 75' lang='lat' dir='ltr'>Obseruauim</span> <span class='ocrx_word' id='word_1_417' title='bbox 1663 2911 1729 2944; x_wconf 91' lang='lat' dir='ltr'>us</span> <span class='ocrx_word' id='word_1_418' title='bbox 1743 2900 1926 2944; x_wconf 88' lang='lat' dir='ltr'>autem</span> <span class='ocrx_word' id='word_1_419' title='bbox 1945 2899 2140 2943; x_wconf 86' lang='lat' dir='ltr'>eodem</span> <span class='ocrx_word' id='word_1_420' title='bbox 2160 2897 2372 2953; x_wconf 78' lang='lat' dir='ltr'>vesperi</span> 
     </span>
     <span class='ocr_line' id='line_1_91' title="bbox 1298 2957 2369 3015; baseline -0.002 -12"><span class='ocrx_word' id='word_1_421' title='bbox 1298 2959 1593 3015; x_wconf 85' lang='lat' dir='ltr'>aliquoties</span> <span class='ocrx_word' id='word_1_422' title='bbox 1614 2971 1722 3015; x_wconf 87' lang='lat' dir='ltr'>per</span> <span class='ocrx_word' id='word_1_423' title='bbox 1744 2959 1957 3003; x_wconf 86' lang='lat' dir='ltr'>radium</span> <span class='ocrx_word' id='word_1_424' title='bbox 1987 2959 2133 3013; x_wconf 84' lang='lat' dir='ltr'>quod</span> <span class='ocrx_word' id='word_1_425' title='bbox 2160 2957 2239 3003; x_wconf 90' lang='lat' dir='ltr'>Os</span> <span class='ocrx_word' id='word_1_426' title='bbox 2265 2958 2369 3001; x_wconf 88' lang='lat' dir='ltr'>Pe-</span> 
     </span>
     <span class='ocr_line' id='line_1_92' title="bbox 1296 3017 2368 3074; baseline -0.004 -10"><span class='ocrx_word' id='word_1_427' title='bbox 1296 3019 1411 3074; x_wconf 83' lang='lat' dir='ltr'>gasi</span> <span class='ocrx_word' id='word_1_428' title='bbox 1429 3021 1486 3064; x_wconf 94' lang='lat' dir='ltr'>et</span> <span class='ocrx_word' id='word_1_429' title='bbox 1500 3019 1686 3064; x_wconf 82' lang='lat' dir='ltr'>lucida</span> <span class='ocrx_word' id='word_1_430' title='bbox 1709 3019 1951 3063; x_wconf 90' lang='lat' dir='ltr'>Vulturis</span> <span class='ocrx_word' id='word_1_431' title='bbox 1972 3017 2230 3062; x_wconf 77' lang='lat' dir='ltr'>distarent</span> <span class='ocrx_word' id='word_1_432' title='bbox 2240 3028 2368 3072; x_wconf 86' lang='lat' dir='ltr'>par-</span> 
     </span>
     <span class='ocr_line' id='line_1_93' title="bbox 1300 3077 2363 3134; baseline -0.004 -11"><span class='ocrx_word' id='word_1_433' title='bbox 1300 3079 1444 3123; x_wconf 86' lang='lat' dir='ltr'>tibus</span> <span class='ocrx_word' id='word_1_434' title='bbox 1457 3080 1519 3123; x_wconf 87' lang='lat'>27</span> <span class='ocrx_word' id='word_1_435' title='bbox 1536 3079 1612 3123; x_wconf 92' lang='lat' dir='ltr'>M.</span> <span class='ocrx_word' id='word_1_436' title='bbox 1628 3080 1702 3132; x_wconf 88' lang='lat'>55,</span> <span class='ocrx_word' id='word_1_437' title='bbox 1725 3079 1871 3134; x_wconf 82' lang='lat' dir='ltr'>quod</span> <span class='ocrx_word' id='word_1_438' title='bbox 1890 3077 2199 3122; x_wconf 83' lang='lat' dir='ltr'>concordat.</span> <span class='ocrx_word' id='word_1_439' title='bbox 2221 3077 2363 3120; x_wconf 90' lang='lat' dir='ltr'>Nam</span> 
     </span>
     <span class='ocr_line' id='line_1_94' title="bbox 1296 3136 2366 3194; baseline -0.004 -12"><span class='ocrx_word' id='word_1_440' title='bbox 1296 3140 1761 3194; x_wconf 83' lang='lat' dir='ltr'>complementum</span> <span class='ocrx_word' id='word_1_441' title='bbox 1789 3137 2095 3182; x_wconf 85' lang='lat' dir='ltr'>latitudinis</span> <span class='ocrx_word' id='word_1_442' title='bbox 2126 3136 2366 3180; x_wconf 87' lang='lat' dir='ltr'>Vulturis</span> 
     </span>
     <span class='ocr_line' id='line_1_95' title="bbox 1297 3195 2363 3254; baseline -0.004 -12"><span class='ocrx_word' id='word_1_443' title='bbox 1297 3198 1516 3243; x_wconf 77' lang='lat' dir='ltr'>est60.41</span> <span class='ocrx_word' id='word_1_444' title='bbox 1532 3198 1798 3254; x_wconf 87' lang='lat' dir='ltr'>etcompl.</span> <span class='ocrx_word' id='word_1_445' title='bbox 1811 3198 1902 3241; x_wconf 89' lang='lat' dir='ltr'>lat.</span> <span class='ocrx_word' id='word_1_446' title='bbox 1921 3197 2033 3241; x_wconf 89' lang='lat' dir='ltr'>oris</span> <span class='ocrx_word' id='word_1_447' title='bbox 2042 3195 2232 3251; x_wconf 79' lang='lat' dir='ltr'>pegasi</span> <span class='ocrx_word' id='word_1_448' title='bbox 2244 3195 2363 3248; x_wconf 74' lang='lat'>682,</span> 
     </span>
     <span class='ocr_line' id='line_1_96' title="bbox 1296 3255 2367 3311; baseline -0.004 -10"><span class='ocrx_word' id='word_1_449' title='bbox 1296 3257 1605 3302; x_wconf 83' lang='lat' dir='ltr'>differentia</span> <span class='ocrx_word' id='word_1_450' title='bbox 1637 3268 1768 3301; x_wconf 82' lang='lat' dir='ltr'>vero</span> <span class='ocrx_word' id='word_1_451' title='bbox 1799 3255 2197 3311; x_wconf 84' lang='lat' dir='ltr'>longitudinum</span> <span class='ocrx_word' id='word_1_452' title='bbox 2232 3256 2367 3298; x_wconf 84' lang='lat' dir='ltr'>vtra-</span> 
     </span>
     <span class='ocr_line' id='line_1_97' title="bbox 1294 3314 2366 3428; baseline -0.013 -8"><span class='ocrx_word' id='word_1_453' title='bbox 1294 3317 1920 3422; x_wconf 47' lang='lat' dir='ltr'>zsszffgssssstissfflzss</span> <span class='ocrx_word' id='word_1_454' title='bbox 1926 3314 2366 3428; x_wconf 59' lang='grc' dir='ltr'>ῗέῗὲἕέἒέἑῗ</span> 
     </span>
    </p>
   </div>
  </div>
 </body>
</html>
