2690 4178
740 316 1413 370 PROLEGOMENA
1440 319 1844 373 EDITORIS
2310 325 2392 376 IX

197 471 321 504 cum
348 458 501 500 Anna
530 455 721 511 Regina
750 455 1032 499 Britanniae
1062 456 1405 500 matrimonio
1436 458 1717 513 conjuncti,
1752 459 1838 501 cui
1866 463 2062 513 praeter
2090 462 2221 505 alios
2249 463 2392 507 viros

196 531 383 575 doctos
408 541 441 571 a
467 527 622 583 Regia
648 526 911 571 Societate
937 528 1255 570 mandatum
1280 531 1409 579 erat,
1439 531 1497 570 ut
1524 529 1923 573 observationes
1950 530 2280 575 Flamsteedii
2304 546 2393 588 pu-

195 601 330 645 blice
359 599 592 643 edendas
622 600 886 650 curarent,
919 598 1100 650 suasit,
1134 601 1192 641 ut
1218 610 1326 641 una
1356 609 1480 642 cum
1510 598 1591 642 his
1619 599 1885 653 Tychonis
1915 601 2312 646 observationes
2340 604 2394 647 in

195 670 460 716 Britannia
491 670 787 713 ederentur.
822 669 902 712 De
933 669 1037 712 hac
1069 681 1128 713 re
1160 670 1405 713 Roemero
1438 670 1670 713 scribere
1702 670 1920 714 instituit
1950 669 2261 725 NEWTON‚
2295 686 2392 717 nec

193 746 375 787 tamen
394 741 680 796 quicquam
699 740 1000 795 profectum
1021 742 1138 783 est.¹

264 813 576 868 Exemplum
604 814 785 855 autem
805 811 1095 854 Bartholini
1115 811 1338 855 Lutetiae
1358 823 1572 856 summo
1595 813 1713 856 usui
1736 812 1846 855 fuit.
1873 813 2064 857 Totum
2087 815 2394 870 transscrip-

194 885 259 929 sit
273 884 317 937 J.
342 884 403 928 N.
426 884 514 927 DE
536 883 745 926 L’ISLE
767 882 820 926 in
843 894 937 926 sex
963 882 1219 926 maximae
1240 882 1433 927 formae
1458 886 1637 928 tomos
1663 884 1823 927 nitide
1849 887 2113 937 exaratos,
2142 885 2230 939 qui
2255 898 2393 930 nunc

192 957 246 1000 in
275 956 492 1011 specula
522 953 797 998 Parisiensi
828 956 1184 997 asservantur.
1225 953 1345 998 Hoc
1384 956 1705 1010 exemplum,
1746 955 2147 1010 comparatione
2186 968 2308 999 cum
2342 958 2395 999 li-

193 1027 300 1070 bris
327 1026 631 1081 archetypis
656 1026 817 1078 facta,
844 1037 1059 1068 summa
1086 1036 1216 1068 cura
1243 1025 1549 1069 confectum
1576 1038 1692 1070 esse
1720 1027 2035 1081 reperimus;
2066 1039 2394 1082 quamquam

191 1098 455 1142 memoria
483 1098 773 1142 tenendum
805 1100 900 1149 est,
937 1107 1079 1149 cum,
1115 1097 1439 1151 ubicumque
1469 1098 1615 1141 libris
1648 1098 1952 1152 archetypis
1985 1098 2181 1152 aliquid
2213 1100 2395 1142 deerat

191 1171 267 1227 (ut
292 1181 336 1213 e.
359 1182 403 1225 g.
430 1181 617 1214 omnes
643 1170 918 1212 stellarum
943 1168 1176 1211 fixarum
1203 1168 1603 1213 observationes
1629 1181 1893 1213 annorum
1925 1168 2036 1212 1587
2063 1172 2115 1212 et
2144 1169 2274 1228 1588)
2300 1170 2395 1212 Hi-

191 1239 358 1284 storia
377 1238 634 1284 Coelestis
654 1239 848 1284 clausis
869 1239 1038 1284 oculis
1058 1240 1409 1284 exscribenda
1428 1240 1612 1284 fuisset
1633 1240 1954 1293 Bartholino,
1976 1240 2117 1284 idem
2138 1242 2217 1284 De
2237 1242 2392 1285 l’Islio

192 1312 436 1367 quamvis
449 1312 690 1356 inscienti
704 1311 1009 1355 faciendum
1024 1310 1199 1355 fuisse.
1218 1311 1387 1367 Hujus
1402 1313 1649 1367 exemplo
1664 1312 1900 1355 maxime
1913 1324 2040 1355 usus
2052 1315 2131 1355 est
2140 1304 2392 1365 PINGRE,

191 1384 279 1438 qui
311 1384 711 1428 observationes
743 1386 1080 1427 cometarum
1114 1395 1147 1426 a
1176 1383 1430 1438 Tychone
1466 1383 1728 1427 institutas
1767 1383 2029 1438 excerpsit
2061 1386 2112 1427 et
2148 1382 2396 1427 Cometo-

189 1454 436 1509 graphiae
455 1467 568 1499 suae
588 1454 821 1507 inseruit,
844 1467 1072 1510 quarum
1094 1466 1195 1510 ope
1216 1458 1554 1498 cometarum
1574 1454 1775 1498 orbitas
1794 1466 1889 1509 per
1906 1455 2140 1498 calculos
2161 1455 2395 1510 reperit.²

189 1527 449 1571 Praeterea
464 1526 752 1571 Bartholini
770 1527 1076 1581 exemplum
1093 1526 1219 1570 utile
1235 1526 1331 1570 fuit
1344 1526 1414 1569 ad
1429 1527 1750 1581 explendam
1762 1525 2060 1569 Historiam
2082 1524 2392 1578 Caelestem,

190 1610 311 1653 quae
336 1598 389 1641 in
415 1609 556 1642 anno
581 1597 693 1642 1593
714 1598 907 1642 deficit.
936 1597 1081 1641 Sicut
1101 1597 1441 1650 LALANDE,
1471 1598 1561 1652 qui
1580 1610 1627 1640 a.
1654 1598 1766 1640 1757
1787 1597 2188 1642 observationes
2210 1597 2394 1640 Martis

190 1683 237 1714 a.
263 1669 375 1713 1593
394 1670 658 1714 institutas
676 1669 730 1712 in
749 1680 1055 1713 sermonem
1076 1669 1533 1724 Francogallicum
1556 1681 1741 1713 versas
1767 1668 1967 1721 edidit³‚
1996 1669 2241 1723 exemplo
2269 1680 2394 1712 usus

189 1744 268 1785 est
287 1741 591 1791 Bartholini‚
618 1752 726 1785 non
746 1741 826 1784 De
846 1740 1003 1793 l’Islii,
1032 1741 1175 1794 quod
1201 1740 1322 1784 inde
1343 1740 1518 1796 colligi
1535 1743 1726 1795 potest,
1755 1741 1898 1795 quod
1923 1740 2055 1783 locis
2076 1740 2394 1794 quibusdam

187 1823 440 1856 numeros
465 1812 670 1867 praebet
696 1812 763 1856 ab
794 1812 898 1855 hoc
927 1811 1170 1855 omissos.
1202 1812 1404 1855 Eodem
1431 1813 1595 1856 modo
1623 1812 1724 1867 egit
1744 1811 2055 1864 JEAURAT,
2087 1811 2176 1866 qui
2203 1824 2249 1854 a.
2282 1811 2394 1854 1763

189 1883 588 1927 observationes
608 1883 756 1936 Jovis
782 1886 834 1927 et
860 1883 1071 1926 Saturni
1098 1895 1145 1927 a.
1172 1882 1284 1926 1593
1310 1882 1574 1926 institutas
1596 1883 1782 1926 Latine
1808 1882 2011 1926 edidit.4
2037 1872 2279 1925 Dubitari
2303 1882 2394 1925 ita-

188 1966 290 2009 que
315 1966 424 1999 non
448 1958 639 2010 potest,
668 1955 794 2010 quin
814 1967 861 1998 a.
888 1954 1001 1998 1763
1021 1955 1330 2010 exemplum
1350 1954 1640 1999 Bartholini
1660 1954 1950 1998 etiamtunc
1973 1954 2196 1997 Lutetiae
2216 1954 2394 1997 Parisi-

188 2037 343 2070 orum
363 2026 534 2070 fuerit.

258 2097 396 2150 Quid
420 2101 608 2153 postea
634 2097 838 2142 factum
863 2097 930 2141 sit
956 2098 1202 2152 exemplo
1225 2097 1527 2150 Bartholini‚
1555 2109 1774 2152 prorsus
1800 2098 1942 2140 latet.
1972 2097 2052 2140 Ita
2078 2096 2293 2151 quidem
2321 2096 2393 2138 ait

181 2169 211 2222 J
213 2172 420 2214 eaurat:
446 2169 545 2213 »Μ.
568 2169 634 2213 de
654 2170 707 2213 la
727 2169 886 2213 Caille
908 2181 940 2212 a
959 2169 1067 2224 pris
1087 2170 1136 2212 1e
1155 2169 1272 2212 soin
1292 2169 1359 2212 de
1378 2168 1511 2212 faire
1531 2169 1686 2212 relier
1703 2170 1757 2212 la
1778 2168 1930 2223 copie
1951 2169 2017 2211 de
2038 2168 2328 2219 Bartholin;
2351 2168 2392 2211 δι

188 2241 259 2285 Μ.
281 2241 347 2284 de
366 2241 504 2285 l’Isle
525 2253 591 2284 en
611 2253 644 2284 a
663 2252 767 2284 une
789 2243 938 2284 autre
960 2240 1112 2295 copie
1133 2239 1464 2292 collationee‚
1487 2251 1578 2283 sur
1596 2240 1823 2294 laquelle
1844 2251 1914 2283 on
1933 2242 2059 2294 peut
2079 2242 2392 2294 compter.«⁵

186 2313 246 2355 Et
264 2324 360 2368 per
378 2323 618 2356 errorem
636 2324 804 2367 usque
825 2313 894 2355 ad
913 2314 1155 2356 nostram
1175 2314 1393 2355 aetatem
1420 2311 1680 2355 creditum
1707 2314 1800 2363 est,
1829 2310 2072 2354 codicem
2097 2310 2150 2353 in
2175 2311 2391 2365 specula

184 2383 459 2427 Parisiensi
497 2387 848 2435 asservatum,
895 2383 984 2438 qui
1021 2382 1303 2437 inscriptus
1341 2385 1421 2425 est
1462 2382 1782 2426 »Manuscrit
1820 2383 2036 2425 Erasme
2075 2382 2389 2433 Bartholin«,

184 2454 333 2498 illum
361 2466 494 2507 esse,
525 2466 686 2509 quem
715 2454 860 2499 circa
890 2467 1091 2498 annum
1123 2453 1237 2497 1669
1265 2454 1350 2497 ille
1379 2453 1710 2497 confecisset.
1741 2454 1810 2496 At
1838 2464 1962 2496 cum
1989 2452 2281 2508 diligentius
2308 2464 2392 2495 ex-

186 2527 452 2571 aminatus
472 2529 567 2578 est,
589 2526 860 2570 continere
881 2538 1006 2570 eum
1026 2525 1270 2581 apparuit
1289 2525 1522 2580 primum
1540 2524 1939 2568 observationes
1952 2524 2006 2567 in
2019 2523 2261 2568 Historia
2281 2523 2392 2567 Coe-

182 2596 315 2641 Iesti
341 2597 585 2650 omissas,
617 2609 751 2652 quas
779 2597 832 2641 in
861 2608 1169 2641 sermonem
1195 2595 1653 2651 Francogallicum
1678 2608 1862 2640 versas
1888 2607 1954 2640 eo
1981 2595 2201 2639 consilio
2227 2599 2392 2638 trans—

184 2669 470 2724 scripserat
498 2670 694 2724 Pingre,
724 2672 783 2712 ut
811 2680 936 2712 cum
963 2666 1279 2711 Annalibus
1307 2667 1415 2711 suis
1448 2666 1779 2711 Coelestibus
1808 2679 1900 2710 eas
1928 2666 2238 2722 publicaret,
2272 2666 2391 2710 dein

183 2751 313 2784 vero
344 2740 541 2784 horum
571 2739 872 2784 Annalium
906 2742 1117 2795 partem
1147 2739 1524 2795 posteriorem;
1560 2742 1719 2793 atque
1752 2739 1933 2782 omnia
1965 2738 2251 2793 scripserat
2280 2738 2391 2792 ipse

182 2811 406 2868 Pingre.⁶
432 2811 543 2855 Nos
568 2824 639 2855 m.
663 2811 801 2864 Julio
830 2824 877 2855 a.
904 2811 1017 2855 1914
1043 2811 1297 2855 certiores
1323 2810 1448 2854 fecit
1468 2810 1528 2854 G.
1551 2810 1864 2865 Bigourdan‚
1894 2813 2234 2853 astronomus
2257 2821 2391 2863 prae-

256 2921 269 2946 ¹
289 2918 381 2956 Vid.
401 2912 702 2961 BREWS'I'ER‚
723 2920 930 2956 Memoirs
948 2920 1000 2955 of
1012 2919 1087 2956 Sir
1102 2920 1132 2956 Ι.
1152 2920 1336 2955 Newton
1359 2919 1392 2954 2.
1407 2918 1471 2954 ed.
1493 2919 1530 2953 11
1550 2929 1589 2963 p.
1608 2918 1691 2959 168:
1714 2917 1949 2963 Catalogue
1968 2918 2019 2953 of
2032 2919 2101 2953 the
2120 2918 2388 2952 Pottsmouth

186 2977 419 3015 Collection
440 2980 657 3024 ospapers
677 2980 914 3025 belonging
932 2982 973 3015 to
992 2979 1176 3015 Newton
1199 2977 1500 3023 (Cantabrigiae
1525 2978 1630 3020 1888)
1650 2989 1689 3022 p.
1711 2978 1767 3013 51.

253 3039 271 3064 2
291 3028 502 3080 pmcne,
526 3038 883 3084 Cometograpnie
904 3038 1031 3081 (1783)
1054 3038 1070 3073 1
1091 3049 1130 3083 p.
1151 3038 1231 3074 517.

253 3098 270 3124 3
290 3098 521 3134 Μόωοὶτθε
552 3100 605 3134 de
635 3099 898 3134 I'Academie
933 3098 1023 3134 1757
1056 3097 1155 3140 (vid.
1183 3107 1311 3142 supra
1339 3107 1378 3141 p.
1403 3096 1499 3131 VIII
1527 3106 1624 3132 ann.
1645 3096 1684 3138 2)
1711 3107 1749 3141 p.
1776 3096 1843 3131 411
1873 3105 1961 3140 sqq.
1996 3094 2227 3140 Diligenter
2257 3097 2387 3130 trans-

184 3156 346 3202 scriptae
377 3160 496 3194 erant
526 3157 862 3198 observationes;
894 3157 1188 3193 tantummodo
1219 3155 1294 3192 ubi
1326 3155 1370 3191 in
1402 3154 1695 3191 observatione
1724 3153 2021 3191 declinationis
2051 3153 2233 3198 alicuius
2263 3153 2388 3189 ambo

182 3215 428 3261 pinnacidia
447 3216 635 3262 inspecta
655 3220 782 3260 erant,
804 3216 922 3252 illam
941 3218 1064 3253 vocat
1084 3215 1269 3251 Lalande
1293 3214 1578 3251 »declinaison
1598 3225 1673 3259 par
1693 3214 1799 3249 deux
1819 3213 2126 3249 instruments«.

253 3277 271 3302 ⁴
291 3275 394 3312 Ibid.
418 3276 520 3318 1763,
538 3288 581 3322 p.
601 3277 647 3312 85
667 3287 756 3322 sqq.

253 3337 271 3361 ⁵
288 3334 380 3371 vid.
401 3334 501 3371 ibid.
521 3347 560 3380 p.
579 3336 637 3372 87.

253 3395 270 3420 ⁶
289 3394 379 3430 Vid.
401 3395 449 3431 G.
470 3394 810 3436 BIGOURDAN.
840 3394 1076 3440 Catalogue
1095 3395 1172 3430 des
1193 3394 1455 3430 manuscrits
1474 3394 1526 3428 cle
1545 3392 1864 3428 I’obsetvatoire
1883 3392 1936 3426 de
1954 3390 2077 3426 Paris
2102 3389 2314 3434 (Annales
2336 3390 2387 3423 de

325 3453 388 3496 (B)
