2690 4178
395 353 526 403 vm
604 339 606 341 ’
929 349 1584 402 PROLEGOMENA
1610 347 2005 400 EDIToRIS

392 489 607 532 tentiam
635 491 816 542 rogata
839 487 1098 541 Tychonis
1127 487 1517 530 observationes
1546 486 1684 539 typis
1715 484 2082 528 describendas
2113 495 2226 527 esse
2256 485 2535 539 respondit,

392 558 682 612 praesertim
708 557 827 610 quia
852 557 903 599 in
924 557 1204 599 Germania
1229 556 1418 598 emissa
1444 558 1579 598 esset
1603 555 1758 598 editio
1778 554 1912 596 vitiis
1937 557 2165 604 scatens;
2193 556 2243 596 et
2265 554 2313 596 d.
2339 554 2391 596 14
2410 555 2539 609 ejus-

393 629 514 671 dem
534 627 724 670 mensis
737 626 978 668 Picardus
991 626 1291 668 Academiae
1305 625 1475 667 retulit
1489 637 1521 666 a
1535 625 1775 667 Colberto
1795 624 1897 666 hoc
1918 634 2031 665 esse
2050 623 2385 676 imperatum:
2410 624 2536 667 »Les

393 697 703 740 manuscrits
728 697 792 738 de
810 696 988 748 Tycho
1015 695 1255 737 devoient
1280 696 1387 736 etre
1412 694 1679 747 imprimes
1698 691 1861 735 in-fol.
1889 704 1955 735 en
1979 693 2274 735 caracteres
2293 692 2359 735 de
2377 692 2538 735 Saint-

391 767 653 820 Augustin‚
680 777 769 807 sur
792 776 892 807 une
917 766 1057 806 seule
1081 765 1366 807 colonne«.¹
1396 764 1524 805 Cum
1545 774 1682 805 anno
1701 761 1935 815 sequenti
1955 762 2222 804 Roemerus
2240 761 2293 803 in
2311 761 2537 804 Daniam

391 835 614 885 revertit,
647 834 897 876 nihildum
929 833 1226 876 confectum
1258 836 1384 883 erat,
1417 833 1508 874 sed
1535 833 1750 874 tandem
1778 842 1940 885 opera
1970 830 2217 873 inchoata
2248 834 2340 882 est,
2373 834 2425 873 et
2455 831 2537 873 de-

390 904 598 958 scriptae
622 907 741 946 sunt
765 903 966 957 paginae
991 902 1088 945 96.2
1112 903 1178 944 At
1203 915 1249 944 a.
1275 901 1399 953 1683,
1428 913 1549 944 cum
1570 901 1839 943 Colbertus
1861 903 1912 943 et
1933 899 2176 942 Picardus
2202 900 2362 943 ambo
2382 911 2411 943 e
2429 899 2536 942 vita

389 974 727 1024 discederent,
746 973 862 1014 finis
882 972 1051 1014 factus
1071 975 1148 1014 est
1167 971 1504 1014 describendi.
1534 970 1675 1013 Libri
1694 973 1870 1013 autem
1890 981 2051 1012 manu
2070 969 2246 1023 scripti
2266 969 2332 1012 ab
2352 969 2428 1020 iis,
2450 969 2537 1023 qui

390 1043 572 1085 Daniae
599 1042 1023 1084 administrandae
1048 1041 1313 1095 praepositi
1339 1044 1499 1091 erant,
1532 1040 1774 1093 requisiti,
1807 1052 1837 1082 a
1866 1039 1977 1082 viro
2010 1040 2168 1082 docto
2197 1038 2535 1082 FRIDERICO

389 1112 773 1154 ROSTGAARD
802 1112 952 1154 Dano
982 1123 1028 1153 a.
1064 1110 1172 1153 1697
1200 1110 1252 1152 in
1279 1111 1490 1163 specula
1517 1109 1785 1152 Parisiensi
1813 1109 2002 1163 reperti
2029 1111 2168 1160 sunt;
2196 1109 2283 1162 qui
2308 1108 2356 1151 d.
2387 1107 2440 1151 10
2463 1120 2533 1151 m.

388 1181 513 1235 Maji
543 1182 610 1223 ad
643 1182 679 1224 I.
709 1181 760 1223 C.
786 1181 1117 1230 Wolfenium‚
1152 1180 1238 1233 qui
1268 1191 1363 1233 pro
1395 1180 1645 1234 praefecto
1678 1179 2007 1222 bibliothecae
2038 1178 2193 1232 regiae
2226 1177 2536 1221 Hauniensis

387 1261 450 1292 eo
469 1253 706 1303 tempore
725 1254 851 1302 erat,
873 1250 951 1292 his
971 1250 1142 1292 verbis
1160 1249 1382 1303 scripsit:
1409 1249 1456 1300 »J
1460 1260 1488 1291 e
1507 1249 1585 1290 vis
1605 1249 1740 1291 donc
1761 1251 1792 1290 a
1811 1249 1862 1291 la
1881 1249 1954 1290 fin
1973 1249 2020 1291 le
2038 1247 2066 1290 4
2086 1248 2151 1291 de
2170 1258 2231 1291 ce
2251 1247 2386 1291 mois
2405 1248 2536 1291 dans

386 1320 436 1360 la
456 1319 708 1362 chambre
728 1321 797 1362 du
817 1320 889 1362 dit
902 1320 977 1362 Sr.
993 1320 1121 1362 dela
1135 1319 1261 1361 Hire
1280 1320 1353 1361 les
1374 1318 1685 1361 manuscrits
1699 1319 1763 1361 de
1775 1318 1955 1371 Tycho
1970 1318 2153 1370 Brahe,
2175 1320 2226 1360 et
2238 1317 2291 1373 je
2308 1320 2535 1371 trouvay

385 1391 498 1442 sept
516 1390 752 1431 volumes
770 1389 822 1431 in
841 1389 981 1440 folio,
1008 1392 1121 1442 sept
1139 1390 1376 1431 volumes
1397 1399 1465 1430 ou
1484 1391 1702 1441 paquets
1720 1387 1774 1430 in
1793 1391 1979 1441 quarto
1999 1399 2118 1441 gros
2138 1390 2189 1430 et
2207 1387 2374 1441 petits,
2395 1390 2447 1429 et
2464 1399 2536 1429 un

385 1458 595 1499 volume
620 1458 671 1500 in
697 1461 902 1509 octavo,
931 1469 1059 1500 avec
1086 1459 1222 1500 deux
1248 1457 1534 1500 brochures
1559 1458 1611 1499 in
1635 1457 1761 1500 folio
1788 1460 1839 1500 et
1855 1469 1957 1500 une
1978 1457 2238 1500 brochure
2256 1456 2309 1499 in
2329 1459 2532 1510 quarto.

385 1526 423 1568 Il
448 1538 484 1579 y
510 1527 651 1569 avait
676 1531 823 1570 outre
849 1529 960 1570 cela
985 1538 1087 1570 une
1113 1527 1262 1580 copie
1287 1528 1352 1569 de
1378 1538 1465 1570 ces
1490 1530 1603 1580 sept
1626 1528 1866 1570 volumes
1891 1527 1942 1568 in
1966 1527 2108 1579 folio,
2137 1538 2236 1580 que
2262 1526 2332 1570 M.
2353 1525 2534 1569 Picard

383 1596 492 1638 doit
516 1597 664 1638 avoir
688 1596 779 1639 fait
805 1596 948 1647 faire,
977 1608 1080 1638 aux
1105 1597 1299 1650 depens
1325 1597 1393 1639 du
1420 1597 1508 1639 Roi
1532 1597 1655 1639 Tres
1676 1596 1956 1648 Chrestien‚
1984 1599 2034 1639 et
2058 1608 2148 1639 sur
2171 1598 2222 1639 la
2247 1597 2414 1650 quelle
2437 1607 2535 1650 par

382 1666 701 1718 consequent
724 1677 856 1709 nous
881 1677 946 1708 ne
970 1667 1245 1719 pourrions
1265 1666 1394 1708 faire
1415 1677 1617 1708 aucune
1636 1666 2002 1720 pretension.«³
2028 1666 2181 1717 Quod
2205 1665 2388 1708 ultimo
2413 1666 2533 1708 loco

382 1739 767 1778 commemorat
797 1737 1110 1789 exemplum,
1144 1736 1358 1778 dubium
1392 1747 1505 1778 esse
1536 1747 1641 1779 non
1672 1739 1856 1789 potest,
1891 1736 2014 1789 quin
2041 1735 2193 1778 fuerit
2220 1735 2359 1786 illud,
2393 1735 2534 1788 quod

382 1803 707 1847 Bartholinus
726 1805 1125 1848 describendum
1145 1808 1437 1856 curaverat,
1465 1806 1605 1858 quod
1630 1809 1843 1859 propter
1861 1805 1999 1848 hunc
2019 1805 2279 1848 infelicem
2298 1815 2533 1848 errorem

382 1873 600 1915 Lutetiae
631 1874 870 1916 relictum
901 1878 999 1925 est3
1033 1886 1158 1916 nam
1185 1875 1460 1917 Picardum
1489 1886 1696 1928 quoque
1724 1875 1882 1918 libros
1909 1875 2359 1918 transscribendos
2387 1885 2534 1917 cura·

379 1942 530 1993 visse,
556 1954 712 1986 nemo
738 1946 994 1996 praeterea
1019 1944 1292 1987 memoriae
1317 1944 1556 1998 prodidit.
1583 1945 1649 1986 At
1674 1944 1789 1987 libri
1815 1944 2087 1998 archetypi
2111 1943 2290 1987 litteris
2313 1943 2532 1998 publicis

378 2011 578 2064 repetiti
605 2013 775 2066 legato
804 2012 988 2055 Daniae
1017 2014 1202 2056 redditi
1228 2016 1367 2065 sunt3
1402 2014 1488 2066 qui
1517 2025 1640 2056 cum
1670 2026 1715 2056 a.
1750 2014 1859 2056 1707
1888 2015 1940 2056 in
1969 2014 2195 2056 Daniam
2223 2012 2449 2064 revertit,
2480 2012 2533 2055 in

379 2079 693 2123 bibliotheca
711 2081 851 2135 regia
872 2081 1157 2124 Hauniensi
1174 2086 1286 2125 tuto
1307 2083 1518 2136 repositi
1536 2086 1668 2125 sunt.

447 2150 643 2192 Eodem
663 2161 801 2193 anno
825 2150 934 2193 1707
947 2151 1351 2194 ARBUTHNOT
1371 2152 1583 2206 quidam
1603 2152 1838 2195 medicus
1853 2153 2057 2207 Georgii
2070 2151 2313 2207 Principis
2330 2151 2530 2202 Daniae,

447 2244 457 2268 1
480 2242 567 2278 Vid.
588 2245 633 2278 Α.
654 2244 701 2280 G.
722 2234 928 2285 PINGRE,
952 2246 1147 2281 Annales
1173 2247 1352 2281 celestes
1377 2247 1429 2281 du
1455 2247 1751 2290 dix-septieme
1776 2247 1903 2282 siecle
1928 2246 2032 2289 (Lut.
2059 2247 2142 2282 Par.
2172 2246 2275 2287 1901:
2302 2256 2324 2281 e
2350 2243 2530 2290 Regestis

375 2301 608 2336 Academiae
629 2301 916 2344 scientiarum)
936 2314 974 2346 p.
993 2304 1072 2338 359.

444 2360 460 2384 2
481 2358 655 2403 Paginas
675 2359 843 2404 quidem
863 2361 909 2396 68
926 2361 1092 2396 tradunt
1109 2362 1344 2405 JEAURAT
1365 2362 1565 2403 (Histoire
1584 2363 1635 2397 de
1653 2363 1912 2397 I'Academie
1929 2363 2095 2408 Royale
2114 2363 2190 2397 des
2208 2361 2422 2402 Sciences‚
2442 2361 2530 2396 Μό-

374 2416 529 2451 moires
548 2418 598 2451 de
617 2418 944 2463 Mathematique
963 2422 1004 2453 et
1021 2420 1072 2454 de
1090 2420 1306 2464 Physique
1325 2419 1469 2455 Annee
1492 2420 1590 2461 1763,
1610 2431 1648 2464 p.
1668 2420 1731 2462 87)
1751 2423 1789 2456 et
1809 2420 2060 2455 LALANDE
2081 2420 2367 2462 (Astronomie
2385 2420 2418 2455 2.
2431 2419 2494 2455 ed.
2513 2419 2528 2453 1

374 2484 412 2517 p.
436 2474 528 2516 198),
553 2477 592 2509 et
617 2475 932 2512 FRIDERICUS
956 2476 1270 2512 ROSTGAARD
1299 2478 1365 2519 (de
1391 2488 1475 2523 quo
1494 2477 1574 2513 vid.
1595 2489 1691 2513 ann.
1711 2479 1812 2523 seq.)
1840 2477 2063 2523 descriptas
2089 2488 2181 2514 esse
2206 2477 2262 2513 ait
2285 2476 2460 2522 paginas
2484 2477 2530 2512 88

375 2542 508 2576 usque
528 2533 581 2567 ad
599 2532 726 2568 finem
747 2534 1029 2578 quaternionis
1043 2535 1075 2569 Y
1083 2545 1092 2574 ;
1113 2537 1153 2570 at
1172 2535 1333 2570 monuit
1352 2536 1667 2571 LEOPOLDUS
1689 2536 1911 2572 DELISLE
1933 2536 2123 2580 (Journal
2140 2537 2216 2571 des
2229 2535 2420 2572 Savants
2442 2535 2526 2570 1901

375 2589 486 2624 Febr.
506 2601 542 2634 p.
557 2591 603 2626 86
616 2601 687 2636 sq..
707 2591 779 2626 ubi
799 2591 882 2636 agit
900 2593 951 2627 de
970 2591 1221 2628 editionibus
1236 2593 1446 2638 Tychonis
1460 2594 1830 2636 Mechanicotum),
1850 2593 2078 2629 etiamnum
2099 2592 2299 2630 asservari
2319 2592 2363 2628 in
2382 2592 2529 2629 biblio-

372 2647 491 2683 theca
511 2648 711 2684 nationali
725 2649 944 2685 Parisiensi
965 2650 1025 2692 (V.
1043 2650 1147 2693 1804)
1169 2651 1459 2695 quaterniones
1474 2662 1508 2687 a.
1527 2653 1611 2687 1681
1629 2662 1715 2697 sqq.
1734 2651 1843 2696 typis
1864 2651 2098 2696 descriptos,
2119 2662 2224 2696 quos
2244 2662 2336 2687 esse
2355 2660 2529 2687 numero

373 2705 418 2740 23
437 2705 662 2747 absolutos,
681 2718 814 2742 unum
834 2718 931 2743 vero
951 2708 1032 2752 (pp.
1052 2708 1207 2750 93—96)
1228 2710 1416 2752 nondum
1437 2712 1674 2750 correctum,
1694 2709 1765 2754 qui
1784 2709 2073 2754 paenultimum
2093 2720 2179 2746 non
2197 2709 2322 2754 plane
2341 2707 2528 2754 excipiat:

373 2763 587 2807 complecti
613 2767 749 2800 autem
774 2768 936 2809 tempus
963 2776 986 2800 a
1012 2766 1048 2801 d.
1073 2766 1114 2801 17
1133 2777 1185 2801 m.
1205 2768 1308 2812 Aug.
1329 2778 1364 2802 a.
1388 2768 1476 2802 1563
1502 2767 1555 2802 ad
1581 2767 1618 2803 d.
1638 2769 1660 2803 5
1685 2779 1738 2802 m.
1760 2768 1857 2804 Dec.
1877 2778 1911 2803 a.
1936 2768 2035 2803 1582.
2057 2768 2113 2802 Μ.
2135 2767 2284 2803 Martio
2311 2777 2347 2803 a.
2370 2767 2459 2803 1793
2484 2766 2528 2803 in

371 2821 594 2857 Academia
614 2822 885 2858 Scientiarum
906 2823 1125 2868 quaesitum
1145 2835 1248 2865 esse,
1269 2835 1322 2860 an
1342 2836 1466 2870 opera
1485 2825 1734 2861 resumenda
1750 2828 1869 2866 esset,
1897 2827 1937 2860 at
1957 2828 2142 2870 tempora
2158 2825 2287 2861 fuisse
2307 2824 2462 2870 iniqua.
2489 2828 2529 2861 et

371 2879 637 2915 Academiam
663 2880 908 2916 dissolutam
934 2892 1025 2916 esse
1051 2882 1088 2917 d.
1107 2882 1130 2917 8
1149 2893 1202 2918 m.
1221 2884 1324 2927 Aug.
1352 2884 1414 2918 De
1439 2884 1519 2919 hoc
1546 2883 1711 2928 negotio
1736 2883 1978 2919 relationem
2003 2883 2237 2927 composuit
2262 2883 2527 2924 LALANDE.

371 2935 492 2980 cuius
512 2938 743 2982 exemplum
764 2950 859 2975 cum
880 2938 1221 2984 quaternionibus
1241 2940 1348 2986 typis
1369 2941 1582 2986 descriptis
1602 2941 1871 2985 conjunctum
1891 2943 1969 2982 est;
1988 2940 2265 2986 transscripsit
2278 2941 2435 2977 Delisle
2453 2941 2479 2977 1.
2493 2952 2526 2978 c.

370 3005 407 3038 p.
427 2995 483 3030 87.
502 2995 569 3030 Ait
588 2995 657 3031 ille
676 3007 803 3032 unam
823 2997 1020 3041 paginam
1039 2998 1237 3033 Historiae
1254 2998 1451 3034 Coelestis
1471 2999 1635 3034 duabus
1654 3010 1774 3044 paene
1792 2999 1956 3044 paginis
1976 3009 2096 3035 novae
2115 2998 2310 3035 editionis
2330 2998 2526 3042 (oedition

370 3052 421 3087 de
441 3053 639 3096 Louvre«)
666 3056 929 3099 respondere;
956 3055 1093 3100 itaque
1118 3059 1252 3091 tomos
1277 3059 1357 3092 tres
1376 3058 1441 3093 vel
1467 3059 1658 3102 quattuor
1682 3057 1792 3093 hanc
1812 3058 2117 3102 complexuram
2135 3057 2276 3093 fuisse.
2302 3057 2410 3094 Cum
2428 3067 2526 3093 vero

369 3110 533 3155 paginae
556 3112 667 3147 1—86
686 3112 994 3148 observationes
1014 3113 1252 3149 contineant
1270 3125 1403 3160 usque
1423 3115 1475 3150 ad
1495 3114 1645 3150 exitum
1666 3115 1766 3150 anni
1790 3116 1889 3156 1581,
1909 3125 1995 3151 non
2014 3118 2120 3151 recte
2140 3114 2238 3151 dixit
2251 3115 2408 3151 Delisle
2428 3114 2526 3157 (vid.

370 3169 510 3212 supra)
537 3169 579 3204 in
605 3170 769 3214 paginis
795 3181 928 3216 usque
949 3172 1001 3207 ad
1020 3173 1065 3207 96
1084 3172 1265 3208 exhiberi
1285 3172 1592 3208 observationes
1616 3183 1749 3218 usque
1769 3174 1822 3209 ad
1842 3174 1940 3210 Dec.
1960 3174 1997 3214 5:
2024 3173 2165 3209 debuit
2189 3172 2366 3209 scribere
2391 3183 2525 3219 usque

369 3226 422 3261 ad
446 3226 573 3262 finem
599 3228 934 3264 observationum
955 3229 1061 3265 Solis
1087 3231 1125 3265 d.
1144 3231 1167 3265 3
1187 3231 1289 3272 (non
1309 3232 1346 3273 5)
1368 3242 1420 3266 m.
1442 3232 1539 3266 Dec.
1560 3242 1595 3266 a.
1619 3232 1719 3272 1582,
1745 3242 1840 3268 cum
1866 3231 1909 3266 in
1930 3232 2114 3267 Historia
2136 3230 2311 3267 Coelssti
2334 3231 2523 3267 observa·

367 3283 501 3319 tiones
522 3285 650 3321 Lunae
670 3286 692 3321 7
710 3286 885 3332 paginas
906 3286 1114 3331 impleant,
1135 3299 1270 3333 neque
1289 3290 1504 3325 observata
1525 3289 1576 3324 sit
1596 3289 1713 3324 Luna
1732 3300 1784 3324 m.
1807 3289 2036 3325 Decembri.

437 3344 454 3368 ³
474 3343 728 3388 Rostgaardii
747 3344 890 3380 relatio
910 3344 953 3379 in
973 3345 1141 3381 archivo
1162 3345 1422 3383 bibliothecas
1441 3346 1564 3391 regiae
1587 3347 1845 3382 Hauniensis
1865 3358 1978 3383 nunc
1998 3350 2238 3382 asservatur.
