2742 4204
438 330 516 379 116
1463 325 1577 376 1581

797 486 839 535 F
957 466 1010 510 A
1510 465 1843 516 plementum
1866 463 2163 507 altitudinis
2183 465 2307 508 data
2326 464 2445 509 sunt
2466 476 2586 509 cum

1514 523 1711 575 angulo
1737 522 2120 576 comprehenso
2145 523 2242 565 FA
2253 523 2317 576 H,
2343 534 2470 577 ergo
2490 535 2595 578 per

1521 579 1593 621 VI
1608 580 1803 633 dogma
1824 580 2037 623 dabitur
2051 581 2195 623 latus
2214 580 2332 634 FH,
2355 583 2591 636 comple-

1512 638 1750 680 mentum
1768 638 2159 682 declinationis.
2175 637 2387 682 Deinde
2406 650 2479 682 εχ
2498 640 2591 683 da-

1516 695 1584 737 tis
1613 695 1779 739 tribus
1801 696 2062 739 lateribus
2085 697 2244 739 datur
2263 698 2496 750 angulus
2521 698 2592 740 ad

1398 770 1435 814 B
1513 753 1562 795 F
1569 764 1675 807 per
1684 753 1776 807 IX,
1793 754 1885 808 qui
1903 755 2121 797 metitur
2135 753 2490 798 differentiam
2512 756 2591 798 in-

1155 745 1408 947 x.
1516 811 1974 855 terAl'cenIionem
1987 811 2207 855 Rectam
2220 812 2293 856 M.
2307 812 2362 857 C.
2373 824 2445 856 ex
2461 815 2592 856 tem-

1508 879 1642 922 pore
1663 871 1720 912 et
1734 871 1854 913 loco
1874 876 1919 921 Θ
1940 871 2119 914 datam
2142 872 2198 914 et
2213 870 2588 914 Ascenlionem

1440 927 1472 971 C
1513 926 1732 971 Rectam
1754 927 1933 972 stellae.

1572 986 1699 1028 Pari
1715 986 1921 1029 ratione
1940 986 1995 1028 in
2015 988 2183 1030 altera
2195 988 2351 1041 parte
2366 987 2590 1030 daturin

1515 1043 1778 1097 triangulo
1797 1044 1953 1087 FAL
1966 1046 2199 1098 angulus
2217 1045 2288 1088 ad
2302 1045 2352 1087 A
2363 1056 2469 1099 per
2480 1045 2592 1088 azi-

1513 1102 1757 1145 mutEM
1773 1103 1828 1145 et
1839 1103 1945 1145 duo
1957 1103 2127 1146 latera
2142 1103 2448 1156 ambientia,
2465 1114 2592 1158 ergo

1513 1160 1728 1203 dabitur
1750 1160 1846 1203 FL
1870 1161 2323 1215 complementum
2355 1162 2593 1204 declina-

1515 1218 1691 1270 tionis,
1713 1219 1770 1260 et
1780 1229 1886 1272 per
1900 1218 1982 1261 IX
1997 1220 2231 1272 angulus
2250 1218 2418 1272 FAL,
2434 1219 2592 1262 cuius

1513 1278 1967 1330 complementum
1995 1277 2066 1320 ad
2088 1277 2172 1320 180
2196 1277 2270 1320 eit
2294 1277 2535 1321 distantia
2558 1289 2590 1321 a

1513 1334 1812 1378 meridiano
1833 1335 1928 1378 ἅτε.

561 1547 660 1590 DA
671 1547 760 1590 TA
784 1546 1089 1590 STELLAE
1110 1546 1296 1590 COELI
1311 1544 1773 1589 MEDIATIONE
1791 1545 1889 1587 ET
1902 1543 2221 1588 DECLINA
2232 1544 2462 1597 TIONE,

798 1604 897 1647 DA
908 1605 1054 1648 TUR
1076 1604 1247 1648 EIUS
1266 1602 1695 1648 LONGITUDO
1715 1604 1814 1646 ET
1829 1602 1923 1645 LA
1934 1602 2216 1648 TITUDO.

493 1698 577 1742 Sit
593 1709 734 1741 nunc
754 1700 997 1752 aequator
1013 1698 1114 1742 EC
1131 1699 1187 1741 et
1202 1697 1464 1740 zodiacus
1483 1696 1601 1749 DB,
1619 1707 1741 1739 cum
1763 1695 1872 1739 l’uis
1887 1695 2035 1750 polis
2053 1696 2179 1749 AF;
2192 1707 2265 1739 ex
2283 1697 2407 1739 data
2428 1696 2593 1739 decli-

432 1757 649 1799 natione
670 1758 725 1799 et
742 1757 1102 1800 declinatione
1113 1754 1297 1810 puncti
1309 1755 1590 1809 Eclipticae
1609 1766 1730 1798 cum
1748 1766 1852 1809 quo
1865 1755 2013 1798 stella
2034 1754 2307 1807 culminat,
2324 1755 2483 1798 datur
2494 1754 2590 1806 HI,

433 1815 662 1867 ideoque
683 1816 1136 1868 complementum
1161 1814 1286 1856 AH.
1308 1813 1560 1867 Angulus
1580 1813 1744 1855 FAH
1760 1812 1835 1856 est
1857 1814 2311 1867 complementum
2334 1812 2592 1856 distantiae

432 1873 772 1916 Ascenlionis
790 1871 972 1916 Redtae
991 1884 1023 1916 a
1040 1872 1290 1926 proximo
1314 1871 1515 1925 tropico
1537 1872 1608 1914 ad
1631 1870 1737 1924 18o;
1755 1871 1918 1925 igitur
1933 1872 2093 1914 datur
2102 1882 2208 1925 per
2229 1871 2301 1914 VI
2322 1871 2428 1914 FH
2447 1881 2592 1914 com-

428 1932 760 1984 plementum
788 1931 1088 1974 latitudinis
1115 1930 1279 1973 stellae
1305 1932 1361 1973 et
1381 1941 1486 1983 per
1507 1930 1588 1972 IX
1609 1929 1788 1973 rurl'us
1811 1930 2065 1984 Angulus
2089 1929 2262 1982 HFA,
2291 1929 2590 1972 differentia

430 1988 782 2042 longitudinis
802 2000 833 2032 a
854 1989 979 2032 coeli
995 1989 1246 2032 culmine.

497 2047 689 2089 Verum
712 2046 751 2089 li
770 2047 889 2091 haec
909 2048 1100 2091 eadem
1126 2047 1363 2090 volueris
1378 2057 1483 2100 per
1498 2046 1793 2100 triangulos
1812 2044 2151 2100 rectangulos
2172 2046 2397 2100 operari,
2413 2045 2467 2088 in
2482 2045 2593 2100 pri-

432 2117 520 2148 mo
540 2105 609 2147 lic
629 2105 816 2148 facies.

488 2164 526 2205 I.
548 2164 607 2206 In
625 2163 887 2217 triangulo
903 2162 1042 2207 GOI
1057 2164 1292 2216 angulus
1306 2163 1377 2206 ad
1399 2162 1447 2206 G
1466 2165 1642 2215 notus,
1657 2164 1802 2206 latus
1825 2162 1909 2206 GI
1925 2162 2125 2205 datum.
2142 2162 2284 2216 Ergo
2293 2162 2483 2216 perIII
2499 2162 2592 2206 da-

432 2222 573 2264 bitur
591 2222 736 2264 latus
765 2221 884 2274 GO,
912 2223 969 2264 et
985 2232 1092 2275 per
1111 2222 1193 2264 Ium
1217 2220 1298 2266 ΟΙ
1320 2223 1376 2264 et
1398 2221 1595 2263 deinde
1616 2231 1723 2275 per
1744 2220 1953 2264 tertium
1981 2220 2159 2264 rursus
2184 2222 2418 2275 angulus
2439 2219 2588 2265 GOI.

433 2280 656 2323 Sublato
675 2280 855 2334 itaque
877 2279 958 2323 OI
974 2280 1041 2323 ab
1061 2280 1147 2322 HI
1163 2279 1524 2322 declinatione
1545 2279 1669 2323 data
1689 2278 1850 2322 restat
1867 2278 1985 2324 OH.

489 2339 548 2380 In
565 2338 827 2392 triangulo
839 2339 1020 2392 itaque
1042 2337 1152 2382 ΟΗ
1155 2339 1202 2380 Ρ
1213 2338 1523 2381 daturlatus
1545 2336 1656 2382 OH
1669 2348 1791 2380 cum
1814 2338 2012 2391 angulo
2032 2337 2315 2380 adiacente
2332 2336 2392 2390 Ο,
2409 2337 2502 2391 qui
2520 2336 2594 2380 elt

431 2396 659 2450 aequa1is
688 2395 826 2440 GOI
847 2396 1081 2439 inuento.
1103 2396 1272 2450 Igitur
1286 2407 1392 2450 ρει·
1412 2396 1620 2439 tertium
1644 2395 1859 2439 dabitur
1877 2396 2023 2439 latus
2047 2395 2154 2438 ΗΡ
2174 2396 2419 2448 latitudo,
2440 2397 2496 2439 et
2520 2406 2592 2438 ex

432 2454 642 2497 duobus
660 2454 920 2497 lateribus
948 2454 1060 2499 ΟΗ
1081 2456 1137 2497 et
1157 2455 1267 2497 ΗΡ
1289 2454 1520 2508 cognitis
1539 2454 1754 2498 dabitur
1769 2465 1875 2508 per
1894 2455 1976 2497 Imn
1999 2453 2111 2506 ΟΡ,
2134 2453 2435 2497 differentia
2455 2454 2597 2497 inter

435 2512 539 2557 (ΞΟ
565 2515 621 2555 et
646 2512 760 2564 GP,
782 2513 875 2556 illa
896 2513 1058 2567 igitur
1073 2513 1254 2556 addita
1275 2514 1346 2556 ad
1374 2512 1479 2556 GO
1505 2513 1684 2556 datam
1705 2512 1972 2566 praebebit
1986 2512 2373 2566 longitudinem
2405 2511 2508 2556 GP
2524 2511 2592 2555 ab

432 2569 746 2624 aequinoctio
765 2573 961 2615 notam.

489 2629 552 2673 ΙΙ.
571 2629 631 2671 In
648 2629 910 2682 triangulo
933 2629 1071 2673 GOI
1087 2628 1628 2683 inquiraturangulus
1647 2629 1718 2672 ad
1740 2628 1786 2674 Ο
1800 2640 1906 2683 ρει·
1917 2628 2143 2672 tertium.
2159 2628 2302 2682 Ergo
2314 2628 2395 2671 illi
2411 2639 2592 2682 aequa-

431 2687 502 2729 lis
521 2687 577 2730 H
582 2686 683 2731 ΟΡ
699 2687 922 2730 alterius
943 2687 1194 2741 trianguli
1211 2688 1371 2731 datur
1385 2698 1507 2730 cum
1527 2688 1697 2730 latere
1717 2688 1774 2730 Η
1779 2687 1840 2740 Ο,
1856 2698 2021 2742 quare
2035 2698 2141 2741 ρει·
2158 2687 2366 2730 tertium
2384 2686 2597 2730 dabitur

431 2745 538 2787 ΗΡ
552 2746 604 2788 la
612 2745 775 2788 titudo
791 2745 955 2789 stellae
974 2747 1118 2788 etex
1138 2746 1193 2788 H
1198 2745 1243 2790 O
1263 2748 1320 2789 et
1335 2745 1442 2789 ΗΡ
1456 2746 1600 2789 notis
1614 2756 1720 2800 per
1729 2746 1869 2799 prim
1877 2757 1963 2789 um
1983 2746 2196 2789 dabitur
2213 2744 2326 2798 ΟΡ,
2342 2744 2593 2788 differen-

435 2804 504 2846 tia
525 2803 876 2857 longitudinis
895 2815 927 2847 a
943 2803 1140 2858 puncto
1159 2804 1283 2846 coeli
1300 2804 1647 2847 mediationis
1666 2805 1805 2847 dato.

488 2862 667 2915 Atque
686 2862 814 2905 hinc
828 2862 1036 2916 poteris
1056 2862 1319 2906 fabricare
1342 2862 1591 2915 tabulam,
1609 2862 1663 2905 in
1684 2873 1788 2916 qua
1808 2862 2068 2916 ingreBus
2088 2872 2208 2905 cum
2232 2861 2591 2905 declinatione

433 2922 488 2962 et
507 2920 631 2962 coeli
653 2920 980 2964 mediatione
1005 2921 1257 2963 inuenies
1281 2920 1668 2975 longitudinem
1697 2923 1754 2964 et
1774 2920 2110 2964 latitudinem
2138 2920 2386 2963 cuiusvis
2409 2919 2589 2972 ltellae,

427 2988 651 3079 prcffua
671 2979 1010 3021 commodius
1035 2979 1137 3021 erit
1153 2978 1193 3021 li
1210 2979 1366 3032 prius
1386 2978 1690 3032 supputatis
1711 2979 1945 3022 tabulam
1974 2980 2288 3032 angulorum
2312 2977 2592 3032 Eclipticae

432 3038 488 3079 et
564 3036 805 3080 eridiani.

432 3212 527 3254 Die
587 3212 615 3254 6
644 3212 701 3254 35
761 3212 789 3254 9
877 3212 906 3254 6
918 3173 1005 3307 F37d
1023 3213 1079 3254 55
1140 3213 1325 3266 Aquila
2138 3212 2190 3254 41
2226 3211 2323 3259 58&

453 3270 509 3312 ²⁷
588 3277 722 3359 7Ἑῖ
732 3317 789 3359 45
880 3318 904 3359 7
919 3276 1005 3359 29d
1023 3317 1081 3358 42
1143 3317 1401 3363 Manusm
2138 3316 2307 3362 231oe
