2690 4178
386 344 550 394 XXII
920 338 1576 391 PROLEGOMENA
1603 334 1998 387 EDITORIS

384 478 586 520 venitur
609 477 660 519 in
686 476 1133 519 observationibus
1151 474 1365 517 Veneris
1391 474 1438 515 d.
1465 473 1492 515 3
1518 485 1587 515 m.
1616 472 1767 513 Mart.
1797 483 1843 512 a.
1874 470 1999 521 1590,
2025 470 2115 513 ubi
2139 470 2529 515 observationes

383 547 598 589 Veneris
622 549 673 588 et
697 546 827 589 Solis
851 545 1190 598 longitudines
1213 543 1427 586 Veneris
1453 542 1718 591 dederunt,
1748 552 1866 594 quae
1892 540 1958 582 ab
1983 539 2094 591 illis,
2122 551 2241 593 quae
2265 551 2361 593 per
2382 540 2530 583 Aide-

385 617 570 659 boram
595 619 816 669 repertae
836 618 997 665 erant,
1023 614 1075 656 3⁰
1094 613 1171 655 50¹
1193 612 1515 654 differebant.
1546 610 1745 664 Nempe
1764 610 1926 652 homo
1945 620 2052 651 non
2069 608 2331 660 intellexit,
2356 609 2529 652 verbis

388 685 544 727 »inter
565 685 601 738 9
626 685 666 726 ἃ
684 690 728 734 Θ
741 700 760 725 ι
782 695 887 727 non
906 682 1182 737 significari
1202 681 1549 724 differentiam
1569 678 1887 722 ascensionis
1911 680 2087 729 rectae,
2113 678 2206 720 sed
2231 678 2529 721 distantiam

383 766 476 808 per
494 757 799 797 sextantem.

591 915 810 958 CODEX
832 914 872 956 N
895 934 949 950 =
968 914 1083 956 Ant.
1107 914 1229 956 Coll.
1253 913 1366 967 Reg.
1391 910 1502 953 1826
1520 910 1571 952 in
1589 910 1660 961 4⁰,
1685 910 1913 953 continet
1932 909 2322 953 observationes

1283 983 1625 1024 cometarum.

453 1077 641 1119 Forma
661 1076 858 1119 chartae
880 1075 972 1125 21,⁵
986 1083 1027 1111 ><
1047 1076 1098 1117 17
1118 1086 1218 1117 cm.
1242 1075 1496 1117 Consutus
1522 1075 1599 1115 est
1618 1084 1646 1115 e
1667 1072 2023 1125 compluribus
2047 1071 2323 1122 fasciculis,
2351 1071 2439 1125 qui
2461 1070 2532 1113 in-

382 1147 599 1188 volucro
628 1146 1033 1188 membranaceo
1062 1144 1177 1186 rudi
1202 1144 1357 1199 (nunc
1385 1146 1564 1185 tamen
1589 1141 1862 1197 renovato)
1885 1141 2054 1184 vestiti
2081 1143 2214 1183 sunt.
2244 1140 2386 1183 Folia
2413 1151 2532 1183 con-

381 1215 507 1258 tinet
530 1215 625 1257 197.
645 1215 868 1257 Titulum
887 1213 1090 1267 scripsit
1107 1214 1217 1267 ipse
1235 1212 1415 1266 Tycho
1434 1212 1514 1254 his
1533 1211 1726 1254 verbis:

1195 1303 1715 1348 OBSERVATIONES

1119 1395 1337 1407 .......
1349 1366 1361 1390 ¹
1384 1362 1794 1405 COMETARVM

1266 1421 1640 1475 Apparentium

1343 1479 1503 1521 Annis
1522 1479 1567 1520 A

1317 1536 1594 1579 CHRISTO

1367 1607 1385 1649 1
1437 1607 1547 1649 1577

1362 1664 1391 1707 2
1437 1664 1548 1707 1580

1362 1722 1390 1765 3
1436 1722 1548 1764 1582

1362 1779 1391 1822 4
1437 1780 1547 1822 1585

1362 1839 1390 1880 5
1436 1837 1548 1881 1596

971 1907 1210 1950 Hvennae
1229 1908 1414 1950 Daniae
1433 1907 1521 1951 vbi
1538 1908 1690 1962 polus
1709 1907 1944 1950 eleuatur

1064 1977 1113 2019 p.
1134 1967 1190 2007 55
1211 1966 1280 2008 Μ.
1301 1966 1405 2012 5412
1425 1966 1715 2020 Longitudo
1733 1965 1770 2008 b
1788 1964 1845 2007 37

1431 2033 1483 2093 ‘B

1299 2115 1606 2170 Vraniburgi

448 2209 506 2250 In
525 2210 672 2262 parte
690 2207 821 2250 tituli
842 2219 1029 2251 aversa
1049 2208 1361 2262 agglutinata
1381 2211 1459 2251 est
1477 2208 1689 2260 scheda,
1710 2207 1763 2250 in
1782 2219 1886 2261 qua
1903 2206 2159 2250 distantiae
2173 2208 2398 2249 cometae
2413 2205 2535 2248 anni

382 2278 492 2320 1577
507 2290 538 2320 a
553 2277 865 2331 quibusdam
878 2278 1036 2321 stellis
1049 2278 1356 2329 indicantur,
1374 2281 1424 2320 et
1436 2278 1701 2331 praebetur
1713 2277 1911 2320 Tabula
1925 2277 2255 2330 parallaxeos
2267 2275 2532 2318 sextantis.

449 2348 679 2390 Cometae
709 2359 755 2389 a.
790 2346 922 2389 1577
953 2347 1343 2391 observationes
1374 2348 1575 2402 primae,
1609 2358 1792 2390 omnes
1819 2346 2080 2400 Tychonis
2111 2357 2288 2396 manu,
2320 2344 2536 2399 implent

379 2417 482 2460 foll.
499 2417 657 2460 2—37.
678 2417 979 2460 Additiones
999 2420 1051 2460 et
1069 2418 1421 2461 correctiones
1442 2419 1637 2471 aliquot
1658 2418 1951 2459 atramento
1971 2415 2242 2470 pallidiore
2258 2417 2310 2458 et
2325 2415 2534 2457 calamo

380 2487 591 2530 exiliore
619 2488 827 2540 scriptae
855 2487 952 2540 ipsi
980 2498 1188 2541 quoque
1214 2487 1449 2541 Tychoni
1478 2488 1744 2530 debentur.
1775 2486 1834 2528 In
1861 2486 2013 2541 huJ‘us
2041 2487 2266 2529 cometae
2295 2483 2536 2528 observa-

378 2556 602 2599 tionibus
633 2556 844 2599 edendis
876 2557 977 2599 hoc
1010 2557 1191 2600 codice
1223 2569 1346 2599 usus
1374 2569 1479 2600 non
1509 2568 1622 2599 esse
1649 2557 1855 2599 videtur
1881 2555 2020 2607 Friis,
2053 2566 2175 2598 cum
2203 2554 2366 2597 verba
2393 2564 2536 2608 saepe

379 2637 593 2680 prorsus
622 2626 770 2669 aliter
797 2627 1130 2670 collocentur.
1163 2627 1349 2681 Pagina
1376 2627 1574 2678 ultima,
1609 2638 1768 2680 quam
1797 2627 1966 2680 legere
1993 2636 2099 2668 non
2130 2626 2350 2678 poterat,
2383 2623 2536 2666 facile

379 2696 574 2750 legitur.

451 2766 682 2808 Cometae
703 2777 750 2807 a.
776 2764 908 2807 1580
929 2765 1320 2808 observationes
1339 2766 1525 2820 primae
1545 2765 1670 2808 folia
1689 2765 1904 2819 implent
1922 2763 2109 2808 38—79.
2137 2764 2399 2817 Pleraeque
2417 2765 2537 2806 sunt

378 2835 639 2889 Tychonis
668 2847 844 2886 manu,
874 2835 966 2877 sed
993 2835 1099 2879 foll.
1124 2835 1297 2878 56—58
1325 2838 1376 2878 et
1403 2846 1601 2889 paucas
1628 2837 1886 2889 praeterea
1914 2832 2306 2877 observationes
2333 2831 2537 2886 scripsit

380 2905 688 2947 Wittichius.
711 2904 1006 2947 Fasciculus
1026 2905 1119 2947 fuit
1138 2908 1425 2959 separatus,
1445 2905 1498 2947 in
1517 2905 1663 2959 qu'us
1676 2904 1824 2947 titulo
1837 2903 2017 2957 Tycho
2031 2903 2148 2946 haec
2162 2901 2386 2956 scripsit:
2411 2902 2538 2945 »Ob-

380 2974 702 3017 seruationes
716 2975 948 3017 Cometae
963 2973 969 3020 Ι
985 2975 1114 3029 Annj
1141 2973 1272 3021 15801
1288 2986 1467 3017 mense
1487 2974 1699 3028 Octobrj
1718 2972 1869 3020 [Vide
1888 2973 1939 3015 in
1959 2973 2060 3016 hoc
2082 2974 2290 3016 cometa
2313 2971 2537 3014 aliorum

381 3043 774 3087 obseruationes
787 3055 877 3086 eas
891 3044 1135 3086 examina
1148 3047 1205 3086 vt
1212 3043 1427 3086 Thadaei
1442 3043 1680 3098 Maestlinj
1695 3043 1868 3098 Maenij
1881 3043 2012 3085 Item
2022 3042 2224 3085 Friuola
2231 3041 2479 3096 Winklerj
2496 3041 2537 3083 ἃ

382 3113 662 3168 Graminaej
671 3129 690 3153 α
699 3146 710 3156 .
726 3113 785 3155 In
798 3117 919 3156 octo
933 3114 1130 3167 paginis
1143 3113 1337 3155 ultimis
1351 3113 1516 3167 agitur
1527 3114 1591 3155 de
1601 3112 1856 3167 parallaxi
1869 3114 2198 3155 cometarum
2210 3111 2534 3154 invenienda.

453 3220 464 3244 ¹
487 3218 690 3263 Scriptum
717 3218 795 3254 fuit
821 3219 1080 3261 QVATVOR.
1108 3219 1221 3263 quod
1248 3221 1475 3254 correctum
1502 3221 1562 3254 est
1590 3218 1633 3253 in
1663 3217 1917 3260 QVINQVE,
1948 3216 2022 3252 sed
2049 3216 2117 3252 hic
2145 3226 2311 3261 quoque
2337 3225 2537 3251 numerus

380 3275 503 3312 lineis
523 3275 718 3313 inductus
737 3279 808 3312 est.

451 3336 468 3360 ²
489 3335 563 3370 Pro
582 3336 626 3370 54
646 3333 834 3379 primitus
854 3333 1050 3379 scriptum
1070 3333 1199 3369 fuisse
1218 3333 1378 3370 videtur
1396 3334 1452 3369 51.
