2742 4204
1167 324 1296 376 1582
2242 329 2333 381 135

469 461 857 506 NOUEMBRIS
1273 461 1369 505 Die
1390 462 1462 505 22.
1486 463 1579 506 Per
1598 462 1659 514 Q.
1682 474 1816 506 mur.
2081 466 2133 509 12
2194 467 2222 510 8
2253 467 2310 510 48

134 536 230 580 Die
250 536 294 579 2.
346 536 440 579 Per
459 534 520 586 Q.
543 546 678 577 mur.
943 532 996 576 16
1027 533 1085 575 25
1146 532 1174 575 o
1484 533 1579 576 per
1599 522 1659 573 Q·
1684 522 1841 589 Max..
2080 525 2132 567 12
2193 526 2244 572 8}

344 605 439 649 per
459 593 519 645 Q.
542 606 685 637 max.
942 591 995 634 16
1026 591 1085 634 24
1115 590 1174 635 45
1484 591 1579 635 per
1598 581 1738 624 Sext·
1760 581 1892 636 Trlg·
2081 584 2133 626 12
2194 585 2222 628 8

344 665 439 708 per
459 653 519 705 Q,
542 652 667 696 min,
943 651 996 693 16
1026 650 1084 694 24
1116 651 1175 694 30
1486 639 1606 682 Non
1628 642 1744 683 erat
1769 643 1952 684 tamen
1975 642 2095 685 satis
2121 645 2335 698 exquifi-

134 714 229 758 Die
250 713 292 756 3,
344 714 439 756 per
459 712 519 764 Q,
543 724 678 755 mur,
941 709 995 752 16
1055 709 1084 752 9
1483 701 1598 742 tum
1610 699 1753 753 quod
1768 699 1941 743 minus
1954 703 2262 756 tempestiue
2279 705 2335 747 fit

344 783 439 826 per
459 771 520 823 Q,
542 783 686 814 max,
941 769 994 812 16
1055 768 1084 811 8
1485 756 1626 801 faeta
1647 758 1963 802 obseruatio.

344 842 439 886 per
458 830 519 883 Q,
544 830 733 874 minor,
941 828 994 872 15
1055 828 1084 871 9
1272 817 1369 860 Die
1389 817 1462 860 23.
1487 818 1580 860 Per
1599 817 1660 869 Q.
1685 829 1821 861 mur.
2082 819 2135 862 12
2196 821 2225 863 Ο

344 901 439 945 per
458 890 599 933 Sext.
621 889 753 944 Trig.
941 887 995 931 16
1056 887 1107 933 81
1484 888 1580 930 per
1599 876 1660 928 Q·
1684 889 1826 945 ΠῚξὶΧ-
2082 879 2135 921 12
2201 879 2218 921 l

132 950 227 995 Die
248 949 291 993 6.
343 950 438 993 Per
457 949 518 1002 Q.
539 961 683 992 max.
941 947 994 990 15
1026 947 1084 990 20
1485 947 1581 990 per
1601 935 1662 987 Q·
1685 947 1842 1004 mm..
2084 938 2130 980 11
2167 938 2225 981 58

343 1020 439 1064 per
458 1008 518 1060 Q.
539 1008 729 1052 minor.
942 1006 994 1049 15
1026 1006 1107 1053 221
1326 1053 1334 1062 ,
1484 1006 1580 1050 per
1599 995 1892 1051 Sext.Tr1g.
2083 997 2136 1039 12
2196 998 2225 1040 0

627 1067 753 1119 fere,
783 1078 890 1111 non
912 1065 1033 1110 satis
1054 1065 1196 1110 bona
1272 1054 1369 1097 Dle
1390 1054 1462 1097 27.
1485 1055 1580 1097 Per
1599 1054 1660 1106 Q.
1682 1067 1818 1098 mur.
2082 1057 2129 1099 ll
2166 1057 2247 1102 29⁴}

343 1139 438 1183 per
457 1127 597 1171 Sext.
619 1127 750 1182 Trig.
941 1125 994 1168 15
1025 1125 1084 1168 22
1485 1125 1581 1168 pel·
1600 1113 1661 1166 Q·
1687 1126 1828 1183 ῐΠᾷΧ·
2082 1116 2129 1158 ll
2166 1117 2224 1159 30

132 1188 227 1231 Die
253 1187 321 1230 11.
343 1188 438 1230 Per
457 1186 518 1239 Q.
543 1186 668 1230 min.
941 1184 995 1228 14
1031 1184 1084 1228 13
1486 1184 1581 1228 per
1601 1173 1662 1225 Q·
1691 1185 1844 1242 mm„
2082 1175 2129 1217 11
2166 1175 2248 1221 2921

878 1242 934 1289 ἐν
952 1240 1134 1288 πλάτει
1486 1244 1581 1287 per
1600 1232 1740 1276 Sext.
1763 1233 1895 1288 Trlg.
2083 1234 2130 1277 11
2168 1235 2249 1280 293

133 1305 227 1350 Die
252 1306 319 1350 12.
342 1307 436 1349 Per
455 1305 515 1358 Q.
540 1317 674 1348 mur.
942 1303 994 1348 13
1026 1303 1084 1347 58

344 1365 464 1409 Νοιι
479 1365 599 1408 satis
620 1367 768 1409 certa
789 1364 863 1408 eft
879 1366 1098 1419 propter
1117 1375 1198 1407 ra·
1624 1351 1995 1395 DECEMBRIS

342 1436 431 1468 ras
451 1425 619 1469 nubes
639 1424 1063 1468 interuenientes.
1272 1423 1369 1466 Die
1389 1423 1431 1466 3.
1484 1423 1578 1466 Per
1599 1422 1659 1475 Q.
1683 1435 1818 1466 mur.
2084 1425 2136 1467 10
2168 1425 2248 1470 571}

131 1484 227 1528 Die
247 1485 319 1527 21.
341 1485 436 1528 Per
455 1484 516 1536 Q.
541 1495 676 1527 mur.
940 1482 994 1526 12
1030 1482 1084 1526 18
1486 1494 1581 1537 per
1601 1482 1662 1535 Q.
1686 1482 1811 1527 min.
2084 1484 2137 1527 10
2167 1484 2248 1529 5711

342 1555 437 1599 per
458 1543 518 1596 Q.
543 1543 686 1587 Max.
941 1542 994 1585 12
1031 1542 1107 1589 18³2
1487 1553 1581 1597 per
1600 1542 1741 1587 Sext.
1763 1542 1895 1598 Trig.
2083 1543 2137 1586 10
2167 1544 2248 1589 573

342 1615 437 1658 per
457 1603 517 1655 Q.
539 1603 664 1646 min.
941 1601 994 1645 12
1031 1601 1084 1645 18

343 1674 438 1717 per
458 1662 598 1706 Sext.
620 1662 752 1718 Trig.
941 1661 995 1704 12
1031 1662 1107 1707 17}

187 1746 345 1790 Nota.
358 1744 698 1788 Altitudines
711 1744 1038 1788 Meridianae
1054 1743 1205 1789 Solis
1218 1742 1375 1789 fadtae
1389 1744 1495 1789 hoc
1516 1755 1662 1789 anno
1670 1755 1778 1800 per
1787 1745 1849 1788 M
1851 1745 2057 1789 uralem
2074 1744 2339 1800 Iuntpau-

128 1806 298 1849 Iulum
318 1804 461 1861 justo
487 1805 713 1849 altiores
739 1803 923 1849 debito
946 1803 1098 1859 quali
1121 1803 1350 1849 dimidio
1378 1803 1651 1859 scrupulo,
1673 1814 1742 1848 eo
1768 1804 1914 1859 quod
1939 1805 2218 1859 quadrans
2244 1805 2338 1849 ille

129 1865 368 1909 nondum
391 1864 464 1909 ad
477 1864 695 1908 Murum
719 1865 840 1908 erat
849 1864 992 1908 adeo
1003 1862 1145 1919 juste
1164 1863 1221 1907 in
1241 1863 1335 1908 [ua
1349 1863 1538 1908 libella
1558 1862 1890 1908 redtificatus
1914 1865 1971 1908 vt
1988 1875 2129 1920 opus
2149 1866 2268 1909 erat
2285 1866 2342 1909 et

125 1935 231 1980 per
251 1924 362 1968 alia
388 1923 738 1968 instrumenta
768 1923 1087 1968 verificatus
1115 1923 1579 1978 examinatusque
1609 1924 1666 1967 vt
1692 1922 1942 1979 sequentj
1965 1935 2110 1968 anno
2138 1923 2334 1968 fadtum

129 1983 218 2028 est.
238 1983 435 2039 Neque
455 1983 597 2028 adeo
620 1983 884 2038 exquisite
904 1983 1063 2038 supra
1093 1984 1151 2027 et
1173 1982 1314 2027 infra
1336 1994 1444 2039 per
1465 1994 1661 2027 omnes
1686 1983 1813 2028 suas
1833 1985 2026 2039 partes
2046 1984 2334 2028 Meridiem

131 2042 453 2099 respiciebat
465 2044 523 2087 vt
535 2042 784 2099 [equentj
794 2054 956 2088 anno.
970 2043 1115 2087 Nam
1127 2042 1314 2098 postea
1333 2043 1515 2087 denuo
1530 2054 1655 2086 eum
1672 2041 1909 2088 redtifica
1917 2043 2024 2087 uim
2032 2054 2098 2087 us
2112 2045 2169 2087 et
2179 2044 2241 2087 M
2244 2055 2338 2088 uro

130 2101 322 2147 exac‘te
342 2102 398 2146 in
418 2102 513 2146 [ua
531 2101 719 2147 libella
735 2102 1111 2158 positioneque
1131 2102 1205 2147 ad
1223 2102 1484 2159 Meridies
1506 2103 1709 2147 lineam
1735 2102 2075 2147 verificatum
2098 2102 2339 2147 firmaui-

129 2173 255 2206 mus
274 2162 576 2206 immotum.
598 2162 839 2217 Ideoque
859 2162 1137 2218 sequentis
1157 2161 1291 2219 annj
1309 2162 1718 2207 obseruationes
1738 2163 1811 2206 ad
1828 2162 2015 2208 Solem
2033 2173 2141 2218 per
2153 2162 2338 2207 Mura-

128 2222 236 2266 Iem
260 2220 416 2267 fac‘tae
436 2220 744 2267 exadtiores
762 2222 885 2266 [unt
902 2223 961 2266 et
976 2222 1049 2266 ad
1068 2221 1313 2266 amussim
1337 2222 1506 2278 ipsius
1525 2222 1868 2267 altitudinem
1892 2221 2170 2266 exhibent.

190 2280 675 2327 obseruationibus
696 2293 826 2327 vero
841 2293 950 2337 per
959 2282 1318 2337 quadrantem
1335 2282 1547 2327 Maxim
1556 2293 1643 2326 um
1667 2282 1772 2326 hoc
1793 2293 1938 2326 anno
1957 2281 2114 2326 saetis
2134 2292 2241 2325 non
2264 2281 2341 2325 est

129 2340 408 2385 fidendum
425 2352 494 2385 eo
508 2341 653 2396 quod
659 2341 840 2396 portio
856 2341 1051 2386 circuli
1062 2342 1421 2397 quadrantem
1444 2341 1694 2386 referens
1713 2353 1821 2386 non
1837 2342 2040 2386 eratad
2047 2341 2333 2397 planitiem

129 2401 510 2456 aequalemque
526 2400 813 2446 crassitiem
828 2401 960 2446 satis
974 2400 1167 2446 exadte
1181 2400 1478 2446 redtificata
1487 2403 1654 2458 prout
1665 2412 1806 2457 opus
1819 2402 1951 2455 erat,
1965 2401 2022 2445 id
2035 2401 2179 2456 quod
2193 2412 2337 2446 anno

128 2459 188 2504 84
206 2459 398 2505 exadte
417 2459 520 2516 iplj
536 2459 832 2505 restitutum
855 2462 913 2506 et
929 2461 1140 2517 integre
1161 2460 1398 2506 reaffica
1406 2463 1515 2506 tum
1538 2460 1627 2506 est.

983 2679 1203 2733 LOCA
1229 2679 1486 2733 SOLIS¹.

191 3391 202 3416 ¹
225 3396 266 3426 In
278 3395 517 3435 sequentibus
530 3396 856 3436 supputationibus
870 3397 1026 3428 altitudo
1042 3396 1243 3437 aequatoris
1255 3397 1453 3436 semper=
1462 3395 1528 3427 34⁰
1539 3392 1575 3427 7⁴
1584 3396 1699 3435 pofita
1711 3395 1766 3427 est.
