2690 4178
305 356 381 404 IV
837 346 1491 400 PROLEGOMENA
1518 344 1914 397 EDITORIS

304 488 725 533 observationum
759 485 986 535 codices;
1021 487 1071 526 et
1103 482 1373 537 archetypi
1403 481 1473 524 illi
1503 492 1660 535 penes
1692 480 2020 523 Ludovicum
2047 480 2212 524 filium
2241 482 2447 536 Kepleri

302 562 427 601 natu
458 557 762 606 maximum,
802 555 888 608 qui
920 552 1235 607 Regiomonti
1273 550 1506 593 medicus
1538 550 1770 593 consedit
1806 549 1925 605 (vid.
1961 549 2166 603 Kepleri
2198 549 2296 604 Op.
2328 551 2446 595 VIII

302 640 349 681 p.
372 627 489 683 907),
516 627 925 680 permanserunt.
955 623 1073 665 Illos
1092 633 1218 664 vero
1239 620 1440 663 Curtius
1465 622 1649 662 nactus
1675 619 1933 673 ingentem
1950 619 2256 668 thesaurum
2276 621 2449 664 obser-

302 697 570 739 vationum
602 693 1075 737 astronomicarum
1106 702 1293 745 parare
1325 701 1592 743 aggressus
1624 691 1716 740 est,
1751 700 1974 742 quarum
2005 689 2177 742 potior
2205 701 2328 743 pars
2354 690 2449 745 Ty-

303 766 484 808 chonis
513 763 901 807 observationes
930 772 1042 803 esse
1071 761 1342 803 debebant.
1374 760 1452 801 De
1480 758 1581 801 hoc
1609 758 1840 801 instituto
1867 759 2043 801 Petrus
2072 758 2370 803 Gassendus
2399 773 2445 804 a.

306 835 430 885 1647,
453 846 574 877 cum
599 830 870 886 Tychonis
888 830 1091 872 Btahei
1115 829 1286 878 Vitam
1309 829 1463 871 edere
1482 831 1706 882 pararet,
1728 827 1919 871 certior
1937 828 2106 871 factus
2126 832 2219 880 est,
2240 832 2291 872 et
2309 841 2447 874 anno

302 903 533 957 sequenti
559 902 803 945 Hevelius
827 912 919 954 per
945 900 1279 942 Mersennum
1305 910 1369 941 ex
1395 909 1457 941 eo
1485 897 1737 951 quaesivit,
1767 900 1974 940 rectene
2003 898 2149 941 fama
2173 899 2446 952 nuntiaret,

303 973 607 1026 Religiosum
627 983 655 1014 e
676 971 931 1014 Societate
952 969 1074 1020 Jesu
1101 969 1166 1011 ab
1194 969 1514 1022 Imperatore
1540 968 1679 1010 dono
1706 968 1971 1021 accepisse
1994 968 2107 1022 ipsa
2133 968 2449 1013 observatio-

302 1055 427 1084 num
439 1040 698 1095 Tychonis
713 1039 1055 1093 autographa;
1082 1038 1381 1081 »certiorem
1401 1037 1539 1080 enim
1559 1040 1702 1080 certo
1723 1049 1779 1080 se
1799 1048 1928 1088 esse,
1949 1041 2156 1080 exstare
2174 1038 2287 1092 ipsa
2307 1042 2450 1082 auto-

301 1111 498 1165 grapha
523 1121 679 1164 penes
700 1108 1026 1151 Ludovicum
1047 1109 1363 1161 Kepplerum
1382 1108 1667 1150 Doctorem
1689 1106 1952 1150 Medicum
1972 1107 2290 1162 Regiomonti
2309 1120 2450 1152 com-

301 1183 595 1223 morantem
618 1211 627 1221 .
652 1212 661 1221 .
686 1212 696 1222 .
721 1211 730 1221 .
753 1178 942 1220 vidisse
967 1189 1022 1220 se
1044 1178 1130 1220 illa
1149 1178 1253 1220 suis
1275 1177 1479 1220 oculis.«
1510 1177 1808 1219 Gassendus
1831 1179 2010 1220 tamen
2034 1189 2148 1221 rem
2173 1178 2446 1232 expedivit,

302 1250 531 1292 adhibito
552 1251 670 1291 loco
690 1246 1147 1298 Mechanicotum,
1169 1258 1324 1300 quem
1345 1258 1502 1300 supra
1522 1246 1827 1289 attulimus.¹

370 1318 671 1372 Speciminis
690 1318 807 1360 loco
828 1316 1218 1360 observationes
1238 1316 1359 1358 anni
1378 1316 1488 1358 1582
1503 1316 1704 1358 Curtius
1718 1316 1875 1358 edidit
1888 1316 2035 1367 libro,
2057 1317 2144 1371 qui
2156 1316 2451 1360 inscribitur

302 1388 552 1441 »Sylloge
578 1386 949 1429 Ferdinandea
978 1384 1099 1427 sive
1131 1384 1472 1428 collectanea
1501 1384 1755 1429 Historiae
1787 1385 2035 1429 Caelestis
2064 1397 2137 1429 ex
2167 1385 2451 1430 Commen-

303 1456 450 1499 tariis
469 1457 604 1498 Mss.
623 1454 782 1499 Obss.
804 1454 1075 1508 Tychonis
1094 1455 1297 1497 Brahei
1314 1454 1382 1497 ab
1401 1453 1562 1497 Anno
1584 1454 1698 1497 1582
1716 1455 1787 1497 ad
1804 1454 2022 1498 Annum
2048 1455 2173 1499 1601.
2194 1455 2452 1499 Accessst

300 1526 608 1579 Epimetron
641 1536 713 1567 ex
743 1523 1223 1568 observationibus
1250 1523 1554 1576 Hassiacis,
1592 1524 2041 1578 Wirtembergicis
2071 1526 2127 1568 et
2155 1524 2295 1578 aliis,
2329 1536 2450 1580 quae

300 1595 478 1638 omnia
500 1595 669 1649 Jussu
697 1592 1086 1647 Auspiciisque
1118 1593 1445 1636 Ferdinandi
1473 1593 1552 1636 III
1577 1594 1708 1648 Imp.
1741 1593 1878 1638 caes.
1906 1594 2005 1647 Pii,
2038 1595 2150 1637 Fel.
2175 1594 2315 1649 Aug.
2342 1595 2447 1638 ΡΡ.

298 1663 574 1707 recensuit
596 1665 679 1706 et.
704 1695 714 1705 .
739 1695 749 1705 .
773 1695 783 1705 .
808 1662 1050 1716 vulgavit
1072 1663 1275 1706 Lucius
1296 1663 1591 1716 Barrettus‚
1611 1663 1772 1708 Anno
1796 1663 1903 1708 010
1929 1664 2055 1708 010·
2068 1665 2199 1708 LVI.
2227 1663 2450 1709 Viennae

297 1734 578 1776 Austriae«.
607 1734 704 1776 Hic
725 1745 851 1776 vero
872 1733 1143 1776 exhibetur
1162 1734 1445 1788 colophon:
1474 1733 1700 1787 »Operis
1724 1734 1955 1778 Davidis
1977 1734 2177 1787 Havtti,
2203 1734 2340 1777 Bibl.
2363 1734 2451 1777 Vi-

298 1803 574 1855 ennensis,
603 1802 764 1845 Anno
796 1803 933 1844 1657«
962 1805 1085 1858 (non
1114 1804 1316 1854 eodem,
1348 1804 1435 1857 qui
1461 1804 1514 1846 in
1540 1804 1686 1847 titulo
1717 1806 1965 1860 apparet).
1997 1805 2232 1848 Continet
2258 1807 2451 1859 praeter

296 1873 659 1916 Praefationem
673 1875 723 1915 et
738 1872 953 1914 Librum
966 1869 1338 1925 προλεγόμενον
1352 1874 1743 1916 observationes
1758 1874 1879 1916 anni
1901 1874 2026 1926 1582,
2049 1886 2272 1928 quarum
2292 1886 2450 1929 supra

297 1954 723 1996 unamquamque
742 1942 986 1996 paginam
1004 1943 1187 1996 legitur
1209 1943 1438 1997 »Sylloge
1458 1943 1855 1986 Ferdinandea«.
1884 1944 2037 1995 Quod
2061 1947 2237 1987 autem
2256 1955 2451 1987 nomen

297 2012 506 2054 editoris
532 2011 749 2053 affertur
774 2011 964 2054 Lucius
990 2012 1267 2063 Barrettus‚
1297 2024 1404 2055 non
1428 2013 1668 2056 Albertus
1695 2013 1911 2065 Curtius,
1942 2013 2142 2056 factum
2167 2017 2244 2057 est
2271 2014 2450 2057 litteris

295 2093 387 2135 per
406 2082 588 2136 jocum
612 2080 950 2134 transpositis.
978 2082 1175 2124 Eodem
1195 2082 1355 2125 modo
1376 2082 1476 2136 egit
1494 2082 1546 2124 in
1566 2094 1724 2136 opere
1744 2084 1812 2125 ad
1830 2083 1990 2126 finem
2012 2084 2281 2138 perducto,
2309 2084 2451 2138 quod

294 2151 484 2204 prodiit
507 2152 722 2193 tandem
748 2163 794 2192 a.
820 2150 950 2201 1666;
978 2151 1108 2193 liber
1132 2151 1216 2194 hic
1243 2154 1320 2193 est
1345 2151 1658 2205 splendidus,
1684 2152 1861 2207 ingens
1884 2153 2176 2207 formaeque
2200 2154 2450 2197 maximae

296 2232 358 2263 ac
378 2220 515 2275 typis
535 2220 823 2273 descriptus
842 2221 1056 2274 paulum
1078 2221 1143 2263 ab
1164 2220 1260 2263 illis
1278 2220 1705 2275 discrepantibus,
1727 2223 1815 2276 qui
1827 2222 1879 2265 in
1892 2223 2064 2277 priore
2077 2223 2166 2266 illo
2180 2226 2448 2278 apparent.

296 2290 596 2333 Inscribitur
613 2301 740 2332 vero
761 2289 855 2332 sic:
882 2289 1144 2332 »Historia
1168 2288 1419 2332 Coelestis
1435 2289 1598 2344 Jussu
1620 2289 1675 2334 S.
1701 2290 1757 2334 C.
1778 2291 1852 2334 M.
1873 2291 2027 2334 Ferd.
2049 2292 2126 2335 ΙΙΙ
2141 2292 2286 2336 edita
2305 2303 2451 2336 com-

291 2360 540 2412 plectens
554 2358 976 2403 Observationes
986 2358 1398 2402 Astronomicas
1411 2359 1593 2403 varias
1606 2361 1677 2404 ad
1686 2360 1978 2404 Historiam
1995 2360 2282 2405 Coelestem
2298 2372 2449 2416 spec-

299 2430 472 2471 tantes
495 2461 533 2471 ..
552 2462 562 2472 .
584 2428 857 2483 Tychonis
875 2428 1056 2471 Brahe
1078 2461 1089 2471 .
1108 2461 1118 2471 .
1136 2461 1146 2471 .
1168 2429 1550 2483 BabylonicaS‚
1577 2430 1817 2483 Graecas,
1837 2430 2245 2474 Alexandrinas
2260 2463 2271 2474 .
2290 2463 2300 2474 .
2318 2463 2328 2474 .
2348 2431 2451 2474 Mi-

295 2498 505 2541 chae'lis
532 2498 795 2540 Moestlini
814 2530 824 2540 .
843 2530 853 2540 .
872 2530 882 2540 .
904 2498 1208 2541 Hassiacas
1231 2530 1241 2541 .
1259 2530 1269 2540 .
1289 2531 1299 2541 .
1320 2499 1756 2543 Miscellaneas«.
1789 2501 2035 2556 Augustae
2061 2501 2451 2545 vindelicorum

297 2568 603 2610 MDCLXVI
615 2568 686 2624 (in
699 2568 955 2611 nonnullis
968 2572 1147 2611 tamen
1161 2569 1431 2623 exemplis:
1449 2570 1742 2614 Ratisbonae
1758 2570 1900 2628 1672).
1918 2571 2055 2614 Inest
2066 2572 2246 2615 tabula
2259 2583 2451 2626 magna

296 2641 451 2691 atque
471 2639 676 2692 duplex,
699 2650 817 2691 quae
833 2638 1082 2693 imagines
1096 2639 1305 2682 exhibet
1319 2642 1564 2693 quattuor
1577 2640 1981 2694 Imperatorum;
2003 2641 2055 2683 in
2069 2641 2171 2684 alia
2185 2641 2450 2695 depictum

296 2711 373 2749 est
393 2707 777 2761 Uraniburgum
803 2719 926 2750 cum
950 2708 1136 2751 ceteris
1162 2709 1305 2761 locis,
1332 2709 1420 2752 ubi
1438 2709 1618 2763 Tycho
1645 2709 2037 2753 observationes
2061 2710 2370 2762 instituerat;
2397 2710 2449 2754 in

294 2776 445 2819 tertia
465 2777 685 2830 denique
704 2776 876 2830 ipsum
891 2777 1195 2831 Tychonem
1208 2778 1447 2822 videmus
1466 2779 1655 2834 ingenti
1674 2782 1909 2823 sextante
1928 2779 2218 2824 nitentem.²
2235 2780 2450 2835 Paginas

296 2850 472 2889 autem
493 2846 722 2889 continet
740 2847 941 2889 CXXIV
964 2850 1013 2900 —{-
1035 2847 1136 2891 977.

281 2942 285 2945 >
363 2917 444 2967 At,
472 2917 611 2969 quod
636 2917 789 2959 valde
815 2917 1098 2959 dolendum
1123 2921 1215 2969 est,
1241 2918 1359 2961 haec
1385 2918 1540 2962 editio
1568 2919 1701 2962 adeo
1727 2930 1919 2962 manca
1944 2922 2022 2962 est
2046 2922 2097 2962 et
2120 2921 2267 2962 tanta
2290 2919 2451 2963 indili-

295 2986 464 3039 gentia
491 2986 746 3038 confecta,
773 2990 829 3029 ut
854 2998 1004 3040 paene
1029 2987 1219 3029 inutilis
1245 2987 1322 3031 sit.
1353 2988 1489 3030 Nam
1511 2991 1568 3031 ut
1590 2989 1826 3032 omnium
1846 3000 2106 3032 annorum
2126 2991 2246 3032 ante
2269 2988 2380 3032 1582
2398 2991 2450 3032 et

365 3115 376 3139 ¹
400 3115 547 3149 PETRI
569 3115 773 3150 GASSEN
778 3115 834 3150 DI
859 3115 1072 3160 Tychonis
1091 3116 1248 3151 Brabei
1270 3117 1363 3152 Vita
1385 3116 1566 3158 (Parisiis
1590 3118 1694 3160 1654)
1714 3128 1780 3163 pp.
1799 3118 1995 3153 241—243.

363 3173 379 3198 ²
400 3173 503 3209 Haec
521 3172 679 3217 effigies
699 3173 824 3208 aliam
844 3173 1038 3218 exprimit.
1065 3185 1158 3219 quae
1181 3173 1389 3210 coloribus
1416 3185 1525 3220 aqua
1550 3174 1683 3211 mixtis
1708 3175 1817 3221 picta
1841 3177 1903 3211 est
1927 3174 1971 3211 in
1996 3175 2237 3211 membrana
2262 3175 2448 3220 exemplo

294 3229 460 3265 cuidam
484 3231 911 3276 ngymnasmatum
937 3232 1112 3276 praefixa,
1142 3233 1255 3278 quod
1280 3232 1455 3268 missum
1484 3236 1569 3268 erat
1596 3232 1773 3269 Iohanni
1798 3232 1912 3277 Zajic
1940 3233 1991 3268 de
2018 3233 2269 3279 Hasenburg
2297 3233 2448 3269 saluta·

293 3287 447 3323 tionem
475 3289 664 3332 praebens
694 3289 825 3334 ipsius
854 3290 1064 3335 Tychonis
1093 3301 1221 3326 manu
1251 3289 1453 3335 scriptam,
1483 3293 1522 3326 et
1549 3302 1662 3327 nunc
1691 3291 1828 3337 Pragae
1854 3289 1898 3326 in
1922 3289 2173 3327 monasterio
2198 3290 2361 3326 Sti-ahoi
2384 3301 2447 3326 as-

294 3349 486 3382 servatur.
