2742 4204
2242 341 2346 393 349

619 485 1390 546 OBSERUATIONES
1417 487 1663 546 ANNI
1701 488 1874 548 1585.

786 587 1445 641 OBSERUATIONES
1472 589 1704 642 SOLIS.

422 670 535 712 DIE
555 671 581 712 7
597 668 927 721 JANUARIJ.

138 742 238 784 A1t.
274 740 458 784 merid.
493 752 587 795 per
619 740 983 792 Quadrantem
1021 739 1204 783 Ticho-

198 800 377 844 nicum
971 799 1024 842 13
1056 799 1113 842 25
1151 800 1204 843 10

139 860 284 904 Decl.
307 871 402 914 per
421 859 566 903 Arm.
591 859 744 902 austr.
966 859 1024 902 20
1055 859 1114 902 38
1145 859 1204 902 30

420 966 532 1008 DIE
552 965 580 1008 8
595 965 926 1018 JANUARIJ.

136 1038 230 1080 Per
250 1036 310 1089 Q.
332 1036 547 1080 Tichon.

397 1144 508 1186 DIE
536 1143 589 1186 14
604 1143 936 1195 JANUARIJ.

136 1216 228 1257 Per
248 1214 308 1267 Q.
330 1215 546 1258 Tichon.
577 1259 579 1262 ,

136 1274 281 1318 Decl.
304 1286 399 1329 per
417 1275 563 1318 Arm.
588 1274 772 1318 merid.

970 1037 1022 1080 13
1054 1037 1111 1080 37
1149 1037 1203 1080 10

969 1215 1022 1258 14
1054 1215 1112 1259 58
1174 1216 1202 1259 Ο

970 1275 1024 1318 19
1085 1276 1111 1318 7

395 1394 508 1436 DIE
532 1393 585 1436 15
601 1393 933 1447 JANUARlJ.

136 1465 229 1507 Per
249 1464 309 1516 Q.
331 1464 546 1508 Tichon.
970 1467 1022 1509 15
1059 1467 1111 1509 12
1143 1468 1202 1510 50

135 1524 280 1567 Decl.
302 1536 398 1579 per
417 1525 664 1568 Armillas
963 1526 1022 1569 28
1053 1527 1135 1574 52}

394 1632 507 1674 DIE
531 1632 584 1675 18
600 1632 933 1685 JANUARIJ.

131 1703 223 1745 Per
243 1702 304 1754 Q.
326 1703 542 1748 Tichon.
966 1705 1019 1748 15
1051 1706 1134 1753 582}

397 1811 509 1853 DIE
529 1811 933 1864 21JANUAR1J.

128 1880 227 1922 Alt.
252 1881 437 1925 merid.
966 1884 1019 1927 16
1050 1884 1107 1927 47
1139 1885 1198 1928 30

130 1940 275 1983 Decl.
299 1952 394 1995 per
413 1942 578 1986 Austr.
597 1942 742 1986 Arm.
965 1945 1017 1987 17
1055 1945 1107 1988 16

187 1999 309 2042 Erat
331 2001 464 2044 bene
487 2001 742 2045 serenum.

391 2108 505 2150 DIE
523 2108 582 2151 24
597 2109 929 2162 JANUARIJ.

127 2178 224 2221 Alt.
246 2179 431 2223 merid.
963 2183 1015 2226 17
1047 2183 1128 2230 39}

387 2286 501 2329 DIE
525 2287 542 2330 1
569 2287 932 2341 FEBRUARIJ.

125 2356 220 2398 Per
239 2356 299 2408 Q.
320 2356 535 2402 Tichon.
956 2361 1015 2404 20
1076 2362 1128 2409 9&

127 2415 327 2460 Declin.
349 2429 445 2472 per
462 2418 608 2462 Arm.
632 2419 785 2464 austr.
962 2421 1014 2464 13
1046 2423 1104 2464 55

390 2536 501 2580 DIE
521 2538 548 2581 3
570 2538 932 2592 FEBRUARIJ.

128 2606 222 2648 Per
242 2606 302 2658 Q.
324 2607 539 2652 Tichon.
956 2612 1015 2655 20
1046 2612 1124 2659 49}

126 2666 221 2708 Per
240 2665 300 2718 Q.
325 2666 514 2712 Minor.
956 2672 1015 2715 20
1046 2672 1129 2720 49}

127 2724 273 2768 Decl.
296 2737 391 2780 per
411 2727 564 2771 austr.
587 2729 733 2772 Arm.
961 2732 1013 2775 13
1051 2732 1124 2778 1521

372 2834 484 2877 DIE
509 2835 562 2877 12
583 2835 946 2890 FEBRUARIJ.

126 2903 220 2946 Per
238 2904 540 2949 Portatilem
961 2910 1018 2953 23
1045 2911 1122 2958 583

124 2963 219 3005 Per
237 2962 584 3009 Tichonicum
954 2970 1011 3013 23
1043 2970 1127 3018 59}

371 3072 483 3114 D1E
508 3072 562 3116 19
580 3073 943 3128 FEBRUARIJ.

124 3141 219 3184 Per
236 3141 398 3195 Tich.‚
419 3155 527 3187 non
548 3145 669 3189 satis
690 3149 838 3190 certa
952 3148 1011 3192 26
1042 3149 1100 3192 36

124 3200 219 3244 Per
239 3200 300 3253 Q.
321 3202 513 3247 Portat.
953 3208 1012 3251 26
1042 3209 1100 3252 35

124 3259 218 3303 Per
236 3260 375 3304 Sext.
397 3273 600 3307 nouum
952 3267 1011 3310 26
1041 3267 1125 3315 35ὲ

123 3318 218 3362 Per
236 3319 375 3365 Sext.
392 3321 449 3378 Δ
469 3325 707 3368 veterem
952 3326 1011 3369 26
1041 3327 1099 3371 35

124 3377 270 3423 Decl.
291 3391 387 3434 per
404 3383 551 3427 Arm.
575 3383 728 3427 austr.
982 3387 1009 3441 7
1041 3387 1124 3433 29}

1595 670 1707 712 DIE
1726 670 1754 713 3
1778 670 2027 722 MARle.

1278 730 1372 771 Per
1390 728 1606 772 Tichon.
2109 732 2161 774 31
2204 731 2256 773 14
2293 732 2346 775 10

1277 789 1371 831 Per
1390 789 1581 831 Portat.
2109 791 2160 833 31
2203 790 2256 833 14
2317 792 2345 834 Ο

1277 848 1371 891 Per
1390 852 1630 891 veterem
1651 848 1789 892 Sext.
2108 850 2160 892 31
2203 850 2256 893 14
2317 851 2345 893 Ο

1594 955 1706 997 DIE
1727 955 1755 998 9
1778 955 2026 1007 MARTIJ.

1276 1015 1371 1057 Per
1391 1014 1451 1065 Q.
1474 1014 1617 1057 Tich.
2106 1016 2164 1059 33
2196 1016 2279 1062 362}

1276 1074 1371 1116 Per
1391 1073 1451 1125 Q.
1468 1074 1660 1117 Portat.
2107 1076 2164 1118 33
2197 1076 2255 1118 36
2316 1077 2344 1118 Ο

1276 1134 1370 1176 Per
1389 1133 1529 1176 Sext.
1554 1145 1755 1176 nouum
2108 1135 2165 1177 33
2197 1135 2255 1177 35
2287 1136 2345 1178 50

1275 1194 1369 1235 Per
1389 1193 1528 1236 Sext.
1551 1195 1790 1236 veterem
2107 1194 2165 1237 33
2197 1194 2279 1240 36ss

1580 1299 1692 1343 DIE
1717 1300 1771 1343 10
1793 1300 2041 1353 MARTIJ.

1274 1361 1369 1403 Per
1388 1360 1449 1412 Q.
1471 1361 1662 1404 Portat.
2107 1361 2164 1404 33
2197 1361 2255 1403 59

1274 1421 1367 1463 Per
1387 1420 1526 1462 Sext.
1550 1431 1753 1464 nouum
2112 1421 2169 1464 33
2202 1420 2283 1467 593

1337 1479 1455 1523 Non
1475 1482 1589 1523 erat
1610 1480 1732 1523 satis
1755 1480 2011 1523 serenum.

1577 1587 1690 1629 DIE
1714 1587 1761 1629 11
1789 1587 2038 1639 MARTIJ.

1275 1658 1340 1701 H.
1360 1658 1389 1701 4
1417 1658 1487 1701 M.
1512 1658 1559 1701 11
1590 1660 1685 1702 Per
1703 1658 1953 1702 Armillas
1980 1659 2232 1703 australes
2254 1660 2339 1702 ali-

1333 1718 1532 1772 aliquot
1555 1718 1770 1762 minutis
1789 1721 1963 1762 totum
1984 1730 2179 1773 corpus
2199 1725 2244 1771 Θ
2266 1719 2340 1762 su-

1332 1790 1429 1832 pra
1450 1781 1783 1832 aequatorem
1805 1778 2240 1832 conspiciebatur.

1271 1837 1389 1880 4.16
1420 1838 1468 1880 P.
1499 1838 1569 1880 M.
1604 1839 1698 1881 Per
1729 1838 1977 1881 Armillas
2017 1838 2260 1882 boreales
2286 1845 2330 1889 Θ

1331 1900 1664 1951 aequatorem
1678 1897 2050 1941 transcendisse
2071 1898 2233 1941 etiam
2251 1898 2338 1940 ali-

1331 1960 1460 2011 quot
1479 1956 1693 2000 minutis
1715 1958 1974 2012 apparuit.

1271 2016 1336 2059 H.
1350 2016 1378 2059 6
1401 2016 1470 2059 M.
1487 2016 1541 2063 4¹5
1554 2017 1648 2059 Per
1667 2016 1916 2060 Armillas
1943 2016 2119 2061 media
2141 2029 2264 2071 pars
2285 2024 2329 2068 Θ

1329 2076 1482 2130 supra
1508 2076 1844 2120 horizontem
1870 2077 1921 2119 In
1949 2077 2142 2120 occasu
2166 2077 2336 2121 obser-

1327 2135 1570 2179 uabatur.

1572 2219 1686 2261 DIE
1710 2219 1763 2262 12
1785 2219 2034 2271 MARTIJ.

1267 2278 1362 2321 Per
1381 2277 1441 2329 Q.
1463 2278 1606 2322 Tich.

1267 2338 1362 2380 Per
1381 2338 1441 2389 Q.
1464 2339 1654 2381 Portat.

1328 2398 1469 2441 Inter
1487 2398 1671 2441 nubes.

2098 2278 2156 2322 34
2187 2278 2244 2321 47

2098 2338 2156 2381 34
2186 2338 2244 2381 47

1572 2505 1684 2547 DIE
1710 2505 1761 2549 13
1785 2505 2033 2557 MARTIJ.

1267 2565 1361 2607 Per
1382 2564 1441 2615 Q.
1464 2564 1606 2607 Tich.
2098 2566 2156 2608 35
2193 2565 2245 2608 10
2276 2566 2333 2608 35

1267 2625 1361 2666 Per
1381 2624 1441 2675 Q.
1464 2625 1655 2667 Portat.
2097 2625 2154 2668 35
2191 2625 2268 2671 10}

1267 2685 1361 2726 Per
1381 2683 1521 2726 Sext.
1544 2695 1747 2727 nouum
2096 2684 2153 2727 35
2190 2684 2238 2726 11

1266 2744 1360 2786 Per
1381 2743 1520 2787 Sext.
1543 2747 1780 2786 veterem
2098 2744 2155 2786 35
2192 2744 2239 2786 ll

1326 2802 1386 2845 6H
1396 2802 1458 2845 9Μ
1468 2802 1550 2845 308
1560 2803 1697 2853 visus
1718 2803 1788 2846 est
1802 2809 1846 2854 Θ
1864 2803 2108 2847 occidere
2129 2815 2224 2858 per
2244 2803 2334 2846 Ar-

1266 2863 1456 2914 millas‚
1472 2862 1652 2906 debuit
1673 2866 1854 2906 autem
1875 2863 1965 2906 sub
1983 2863 2086 2906 hac
2108 2864 2215 2917 poli
2235 2864 2334 2906 ele-

1267 2922 1480 2965 uatione
1528 2922 1770 2966 occidisse
1816 2923 2104 2966 secundum
2144 2935 2332 2966 verum

1265 2984 1474 3026 motum
1495 2988 1539 3032 Θ
1560 2981 1620 3024 6H
1631 2981 1733 3028 65³⁶.

1568 3088 1680 3131 DIE
1706 3088 1757 3131 15
1779 3089 2027 3141 MARTIJ.
2064 3065 2068 3068 ⁴

1263 3149 1357 3191 Per
1377 3148 1438 3200 Q.
1460 3147 1603 3191 Tich.
2095 3148 2152 3191 35
2184 3149 2267 3194 57}

1264 3209 1357 3251 Per
1377 3207 1437 3260 Q.
1460 3208 1651 3251 Portat.
2095 3208 2152 3250 35
2185 3209 2266 3253 57}

1263 3268 1358 3310 Per
1380 3267 1519 3310 Sext.
1545 3278 1745 3310 nouum
2093 3267 2150 3309 35
2183 3268 2265 3312 5752

1262 3328 1358 3370 Per
1377 3326 1516 3370 Sext.
1540 3329 1778 3370 veterem
2094 3326 2151 3368 35
2183 3325 2240 3368 58

1324 3386 1443 3430 Non
1465 3389 1580 3429 erat
1599 3386 1848 3440 exquisite
1872 3386 2127 3428 serenum.
