2742 4204
417 333 521 384 278

418 468 539 509 dam
561 466 755 508 stellam
780 465 831 505 in
851 475 964 517 cap.
988 463 1198 516 Cassiop.
1221 463 1364 505 iuxta
1388 463 1456 503 al-

415 528 598 573 teram,
626 523 801 565 versus
828 522 951 563 Luc.
981 521 1268 570 cathedrae,
1297 531 1455 573 quam

417 582 584 624 crines
605 581 880 632 Cassiopeae
902 580 1164 632 appellare
1187 578 1352 627 libuit,
1373 578 1455 619 vel

417 640 643 691 occiput,
665 649 770 680 non
795 638 933 680 enim
953 637 1022 679 est
1048 638 1099 678 in
1118 639 1355 678 veterum
1376 646 1457 676 ca-

414 698 603 750 talogo.

418 756 541 797 Luc.
557 758 615 804 V
629 766 660 795 a
681 753 905 795 crinibus
924 753 1006 794 vel
1028 751 1160 793 occi·
1204 750 1260 792 35
1291 749 1369 793 454

590 812 691 864 pite
712 810 988 863 Cassiopeae
1204 808 1259 849 35
1291 806 1370 851 462}

1051 867 1185 907 Pone
1204 865 1260 906 35
1290 864 1347 905 46

474 926 875 970 Obseruauimus
893 928 943 967 et
955 927 1060 966 tres
1075 923 1240 965 stellas
1254 922 1305 962 in
1320 922 1457 973 supe-

415 987 550 1027 riore
558 988 704 1037 parte
714 984 863 1033 sellae,
875 994 1004 1035 quas
1013 992 1115 1023 non
1126 981 1455 1027 annotarunt,

418 1056 448 1085 a
470 1044 594 1084 Luc.
609 1047 682 1093 V,
699 1053 920 1094 quarum
940 1040 959 1080 I
982 1039 1050 1081 est
1070 1039 1121 1080 in
1142 1038 1324 1079 dextro
1345 1037 1459 1078 bra-

417 1101 551 1151 chio,
569 1100 793 1142 eiusdem
811 1098 915 1140 dist.
931 1110 962 1139 a
978 1098 1101 1138 Luc.
1116 1101 1175 1147 V
1204 1095 1255 1193 2}
1290 1094 1371 1193 ἐξ

922 1214 1055 1254 Pone
1077 1210 1181 1252 dist.
1204 1210 1255 1251 41
1291 1209 1347 1251 32

418 1274 654 1316 Secunda
675 1273 759 1314 seu
780 1271 952 1313 media
974 1282 1004 1311 a
1024 1267 1260 1320 luc.V43
1320 1267 1347 1309 3

1204 1325 1259 1367 43
1320 1325 1347 1366 3

1051 1386 1185 1426 Pone
1204 1383 1260 1425 43
1320 1382 1347 1424 3

419 1448 445 1489 3
467 1460 497 1489 a
519 1448 642 1488 Luc.
659 1450 718 1496 V
1204 1441 1262 1482 44
1291 1440 1349 1481 44

1204 1499 1262 1540 44
1291 1498 1372 1543 43}

1052 1558 1187 1599 Pone
1206 1556 1263 1598 44
1292 1556 1369 1601 434-

420 1622 680 1670 Luc.Vet
699 1618 905 1660 scabelli
924 1616 1068 1669 pedis
1088 1616 1139 1656 in
1159 1615 1275 1657 sede
1362 1672 1372 1692 ¹
1421 1672 1429 1680 ⁶

418 1705 842 1790 5555555555,
1012 1671 1459 1773 Med1214¹32¹3²¹²¹⁸

446 1801 482 1829 in
498 1800 645 1829 scamno
660 1799 719 1828 seu
734 1798 815 1827 sede
1205 1788 1260 1830 47
1291 1789 1372 1833 23}

417 1843 844 1931 5555555555
991 1847 1186 1889 Vffima
1204 1846 1263 1946 {g
1292 1846 1373 1946 {22³

420 1968 612 2010 Oculus
634 1966 687 2022 ὅ
708 1969 758 2007 et
780 1966 904 2007 Luc.
926 1964 1083 2019 Persej
1205 1963 1263 2006 36
1298 1962 1374 2063 135

417 2085 564 2126 Potes
585 2083 781 2135 absque
803 2081 1014 2124 sensibili

664 2151 840 2182 errore
860 2141 933 2181 vti
953 2139 1187 2181 distantia
1206 2137 1263 2180 36
1299 2137 1374 2182 19}

419 2200 556 2241 Inter
577 2199 700 2240 Luc.
723 2198 880 2252 Persej
904 2201 954 2240 et

743 2258 945 2298 calcem
965 2255 1111 2309 pedis
1135 2255 1183 2310 ][
1206 2253 1264 2295 44
1299 2253 1375 2298 14}

1306 2311 1461 2354 semel

663 2374 772 2414 DIE
791 2373 842 2414 21
868 2370 1221 2421 FEBRUARIJ.

479 2431 879 2484 Reperiebantur
892 2430 1138 2483 quaedam
1152 2429 1308 2471 stellae
1319 2427 1463 2470 Cassi-

420 2502 568 2543 opeae
588 2501 619 2530 a
641 2489 837 2531 Lucida
854 2493 924 2539 V.
942 2486 1463 2541 Experimentabatur

419 2548 587 2601 primo
603 2548 821 2589 Sextans
842 2559 873 2588 a
888 2547 1012 2588 Luc.
1028 2551 1086 2597 V
1099 2547 1150 2587 in
1167 2546 1380 2588 oculum
1390 2543 1460 2600 ⁸0²,

420 2610 470 2647 et
490 2606 846 2647 inueniebatur
867 2605 1102 2647 distantia
1207 2604 1264 2646 35
1294 2603 1375 2648 32&

420 2665 557 2705 Inter
578 2664 701 2705 Luc.
716 2668 775 2714 V
794 2667 844 2705 et
864 2664 989 2705 Luc.
1013 2663 1157 2704 Cath.
1207 2662 1259 2703 41
1295 2661 1373 2705 203
1385 2661 1462 2703 bis

422 2723 560 2764 Inter
581 2722 704 2763 Luc.
726 2726 784 2773 V
806 2725 856 2764 et
876 2721 1091 2763 Schedir
1208 2719 1265 2762 36
1294 2718 1376 2764 384

975 2779 1187 2832 Cassiop.
1209 2777 1266 2820 36
1295 2777 1371 2822 38i

421 2839 559 2879 Inter
579 2838 702 2879 Luc.
718 2840 839 2889 Vet
860 2837 1134 2879 Flexuram
1209 2835 1265 2878 39
1301 2835 1371 2881 10}
1384 2835 1462 2877 bis

421 2954 553 3003 Quia
579 2965 705 2995 vero
732 2953 781 2994 in
809 2953 1231 2996 antecedentibus
1257 2952 1463 3005 ponitur

419 3011 476 3053 39
511 3012 557 3052 11
577 3012 670 3062 bis,
689 3011 846 3053 etiam
866 3015 1013 3064 potes
1034 3012 1230 3064 absque
1251 3009 1463 3053 sensibili

420 3081 596 3112 errore
615 3070 689 3111 vti
708 3069 941 3111 distantia
1209 3069 1266 3110 39
1301 3068 1375 3113 1οΞ-

421 3128 545 3170 Luc.
567 3132 626 3179 V
644 3130 694 3169 et
713 3127 781 3168 XI
803 3127 1012 3180 Cassiop.
1208 3126 1266 3226 ἐξ
1296 3126 1376 3230 ἐξ

420 3244 589 3344 28Ρὲιίῒ
609 3243 749 3285 circa
769 3243 885 3285 haec
905 3246 1145 3295 tempora
1166 3244 1251 3284 alt.
1270 3243 1465 3293 Luc.V

544 3313 582 3344 r.

1429 326 1553 378 1583

1530 461 1727 502 Lucida
1746 464 1804 511 V
1823 462 1873 501 et
1891 459 1958 500 XI
1980 458 2103 501 Cass.

1576 519 1729 568 bona,
1751 520 1896 559 vtere
1916 516 2032 558 hac.

1530 576 1791 625 Luc.Vet
1809 573 2117 616 intermedia
2136 574 2280 626 pedis
2317 574 2373 615 45
2433 574 2484 619 δὲ

1528 633 1871 674 fundamento
1892 634 1943 673 et
1961 631 2029 672 XI
2051 643 2169 684 quae
2189 631 2258 674 est
2317 632 2373 673 45
2433 632 2460 673 6

1529 702 1695 743 parua
1715 689 2003 731 admodum
2317 689 2374 730 45
2433 689 2484 734 6}

1531 748 1655 789 Luc.
1668 751 1726 798 V
1739 750 1789 788 et
1802 747 1870 787 XI
1884 746 2125 799 proxima
2141 746 2208 788 ad
2222 758 2300 799 ge·
2318 747 2375 788 36
2410 746 2485 791 15³}

1529 817 1598 846 nu
1614 816 1732 857 quae
1751 804 1820 846 est
1840 804 1996 847 sextae
2017 804 2297 858 magnitud.
2317 804 2374 846 36
2410 804 2461 845 15

2315 862 2372 904 36
2408 862 2483 906 144—

1530 921 1667 961 Inter
1682 920 1806 962 Luc.
1821 924 1881 971 V
1893 922 1943 962 et
1960 930 2080 961 eam
2096 931 2214 972 quae
2231 919 2300 962 est
2318 919 2375 961 35
2405 919 2462 961 44

2315 459 2372 500 42
2402 459 2459 501 29

1529 977 1556 1019 9
1575 977 1838 1027 Thaddeo,
1861 989 1979 1030 quae
2000 977 2069 1020 est
2088 978 2236 1020 inter·
2318 977 2375 1019 35
2405 977 2485 1022 453-

1529 1036 1703 1077 media
1723 1035 1806 1086 illi,
1827 1047 1945 1088 quae
1965 1035 2034 1078 est
2054 1036 2105 1076 in
2125 1036 2237 1078 bra·
2318 1035 2375 1077 35
2406 1035 2462 1077 46

1530 1093 1665 1143 chio,
1687 1096 1738 1135 et
1758 1105 1877 1146 quae
1903 1094 1954 1135 in
1979 1105 2127 1147 genu,
2149 1093 2237 1135 est·
2318 1093 2374 1135 35
2405 1093 2485 1138 46}

1531 1163 1629 1204 que
1653 1151 1940 1193 admodum
1954 1163 2120 1205 parua
2134 1151 2238 1193 sex-

2032 1212 2102 1251 tae
2121 1221 2291 1262 magn.

1531 1266 1729 1308 Lucida
1747 1271 1807 1318 V
1825 1270 1876 1309 et
1894 1268 2115 1320 paruula
2135 1268 2185 1308 in
2206 1267 2259 1308 li-
2317 1266 2373 1309 33
2404 1266 2484 1311 38}

1721 1324 1874 1367 nistro
1895 1325 2069 1368 cubito
2319 1324 2376 1367 33
2406 1324 2462 1366 37

2319 1382 2375 1424 33
2406 1382 2463 1424 38

1934 1442 2069 1483 Pone
2089 1440 2172 1483 hic
2194 1440 2299 1483 dist.
2321 1440 2377 1482 33
2408 1439 2465 1482 38

1589 1509 1699 1551 Fuit
1726 1510 1778 1551 in
1805 1510 1885 1552 his
1910 1510 2101 1552 vltimis
2127 1509 2573 1552 obseruationibus

1532 1568 1616 1609 alt.
1640 1568 1765 1610 Luc.
1789 1579 1902 1622 cap.
1917 1573 1976 1619 V
1994 1568 2045 1609 21
2071 1568 2157 1611 Gr.
2179 1579 2357 1622 prope.

1532 1637 1670 1680 Inter
1680 1638 1814 1680 latus
1826 1638 1983 1693 Persej
1997 1641 2048 1680 et
2059 1637 2379 1693 calcem][44
2414 1636 2466 1678 14

2319 1695 2379 1795 5
2412 1695 2488 1794 55

1810 1813 1944 1855 Pone
1959 1812 2306 1854 insenlibiliter
2323 1811 2380 1853 44
2415 1811 2468 1852 14

1533 1869 1671 1912 Inter
1691 1870 1815 1912 Luc.
1837 1870 1995 1925 Persej
2018 1873 2069 1913 et
2087 1870 2255 1912 inferi·
2322 1869 2378 1911 53
2409 1869 2465 1911 23
2486 1869 2563 1911 bis

1729 1940 1790 1970 us
1805 1932 1962 1982 caput
1978 1929 2026 1984 ][
2322 1927 2378 1969 53
2409 1927 2490 1973 ΖΖΞι

1592 2009 1691 2052 Hae
1718 2010 1830 2051 sunt
1856 2010 2097 2052 meliores
2123 2021 2282 2063 quam
2311 2010 2429 2060 illae,
2458 2019 2576 2061 quae

1534 2068 1699 2110 altero
1707 2067 1929 2121 Vespere
1942 2068 2345 2121 accipiebantur.
2360 2066 2577 2120 Oportet

1533 2126 1670 2168 hanc
1686 2137 1804 2168 cras
1822 2129 2072 2180 repetere,
2088 2129 2139 2168 et
2158 2137 2277 2168 eam
2293 2137 2410 2178 quae
2424 2124 2494 2167 est
2506 2123 2576 2166 in-

1532 2183 1692 2226 ferior
1710 2185 1758 2240 ][
1783 2188 1834 2227 et
1857 2185 2061 2235 Aldeb.;
2089 2185 2213 2227 item
2238 2183 2370 2225 inter
2395 2183 2574 2225 Aldeb.

1534 2245 1585 2284 et
1604 2243 1807 2285 calcem
1824 2243 1891 2298 ][.

1535 2312 1673 2354 Inter
1692 2312 1959 2366 Capellam
1979 2315 2030 2355 et
2051 2312 2175 2354 Luc.
2190 2316 2249 2364 V
2325 2311 2383 2353 44
2441 2311 2493 2355 δέ

1533 2486 1727 2528 Vltima
1747 2490 1858 2529 erat
1878 2487 2009 2529 inter
2020 2487 2282 2530 tenuiores
2295 2485 2474 2536 nubes,
2489 2495 2577 2538 po-

1532 2548 1610 2587 tes
1631 2548 1808 2587 autem
1827 2546 1901 2587 vti
1920 2545 2154 2588 distantia
2322 2543 2380 2585 44
2439 2543 2491 2588 δὲ

1534 2603 1673 2646 Inter
1692 2603 1958 2657 Capellam
1978 2607 2028 2645 et
2047 2603 2227 2645 Aldeb.
2325 2601 2382 2644 30
2412 2601 2469 2643 42
2487 2604 2567 2643 ter

2323 2659 2381 2760 {8
2410 2659 2491 2762 {l}

1535 2778 1746 2832 Capella
1766 2781 1815 2820 et
1835 2777 2045 2820 inferius
2065 2780 2223 2831 caput
2239 2777 2287 2832 ][
2325 2775 2382 2818 34
2417 2774 2492 2820 19³».L

1534 2894 1777 2947 Sequenti
1795 2894 1992 2948 vesperi
2010 2893 2227 2947 repetita
2247 2891 2480 2934 distantia

1536 2953 1759 3006 Capellae
1779 2955 1830 2995 et
1850 2953 1974 2995 Luc.
1990 2957 2049 3004 V
2325 2949 2382 2991 44
2441 2948 2577 3049 gibis

2325 3008 2383 3049 44
2471 3008 2491 3052 ὲ

2324 3065 2381 3107 44
2440 3064 2492 3110 6}

1535 3127 1728 3169 Poteris
1748 3127 1820 3169 vti
1839 3127 1939 3169 hac
1962 3126 2196 3169 distantia

1912 3185 2108 3238 absque
2128 3193 2305 3226 errore
2324 3181 2381 3223 44
2441 3180 2492 3226 6}

1537 3243 1662 3286 Luc.
1682 3248 1742 3295 V
1760 3246 1811 3285 et
1830 3244 1966 3286 dext.
1989 3243 2131 3284 hum.

2030 3298 2305 3352 Erichtonij
2326 3297 2377 3340 51
2413 3295 2579 3342 21tbis
