2742 4204
50 3302 53 3303 ⁷
130 3245 326 3291 Pedius
341 3249 397 3307 ³5

1183 341 1299 393 1581

148 474 346 518 Eadem
365 474 542 517 rursus
561 473 777 518 inventa
797 475 871 518 est
933 476 990 519 35
1023 477 1074 519 31
1115 478 1208 520 30”

204 544 364 588 Nota.
392 544 655 588 Extrema
677 545 843 599 pedis
864 546 914 602 ][
939 557 1102 601 quam
1130 548 1210 591 se-

146 603 259 648 mel
277 603 563 648 obseruaui
579 603 635 647 in
656 603 857 659 Eclipli
869 606 1106 659 quadam
1129 607 1210 650 lu-

146 662 268 707 nari
285 662 450 707 Anno
480 663 536 706 73
559 662 637 706 est
652 663 709 706 in
735 662 884 707 linea
910 663 1054 709 recta
1081 677 1206 710 cum

145 722 394 778 suprema
410 722 577 777 pedis
597 723 655 766 et
671 734 739 766 ea
760 733 884 777 quae
904 723 980 767 est
998 724 1054 767 in
1078 737 1209 769 ven-

148 783 224 825 tre
254 780 529 825 inferioris
558 783 628 839 Π,
663 781 868 826 distans
906 783 975 827 ab
1007 785 1204 828 eadem

144 840 294 885 stella
317 840 413 899 (sc.
434 840 686 896 suprema
706 841 899 901 pedis)
921 843 1054 886 13.16
1076 855 1208 888 vna-

145 911 249 955 que
262 898 319 943 in
333 900 481 944 linea
496 900 648 955 quali
658 899 801 945 recta
822 912 947 946 cum
964 903 1211 948 inferiori

143 970 310 1003 cornu
326 959 398 1018 ²0²·

142 1030 314 1075 Prima
333 1034 386 1075 et
405 1031 629 1076 lucidior
647 1032 700 1075 in
719 1032 954 1078 inferiori

573 1092 884 1136 mandibula
905 1093 1016 1137 Ceti
1035 1094 1093 1138 36
1124 1094 1200 1176 291

144 1207 353 1254 Oculus
367 1209 424 1267 ξς
1034 1212 1093 1256 49
1123 1154 1206 1256 ΞΞΞ

144 1269 234 1312 vel
252 1267 311 1311 43
333 1268 429 1312 sed
449 1270 689 1313 nondum
718 1270 831 1314 sum
861 1282 1037 1326 Vsque
1063 1273 1205 1318 adeo

141 1328 325 1372 certus
346 1328 416 1372 de
436 1328 542 1372 hac
564 1328 955 1375 obseruatione.

573 1152 657 1195 vel
673 1152 743 1195 ad
757 1152 1024 1196 summum

141 1387 385 1431 Lucidus
400 1399 509 1443 pes
525 1388 745 1434 Orionis
1032 1391 1092 1435 25
1121 1392 1205 1440 222}

659 1450 733 1493 ad
750 1449 1019 1494 summum
1121 1452 1182 1495 23

137 1505 408 1550 Bellatrix
1032 1510 1092 1554 40
1151 1511 1204 1561 2}

138 1565 325 1610 Media
345 1566 569 1610 Balthei
1032 1571 1092 1613 32
1122 1571 1181 1614 36

145 1623 343 1669 Vltima
362 1625 588 1670 Balthei
1031 1630 1087 1673 31
1121 1631 1181 1674 56

136 1683 297 1729 Alter
306 1696 414 1740 pes
436 1685 656 1731 Orionis
1028 1689 1089 1733 24
1123 1691 1178 1734 16

138 1744 383 1788 Lucidus
405 1745 671 1791 humerus
694 1746 782 1793 Or.
1031 1749 1087 1793 41
1119 1751 1180 1794 22

1011 1810 1101 1853 vel
1118 1811 1201 1859 22}

141 1863 420 1908 12⁸47M50⁸
431 1866 780 1912 Meridionale
795 1870 1012 1927 caputI
1030 1870 1088 1913 63
1150 1871 1179 1914 4

140 1922 279 1968 Calx
292 1924 458 1979 pedis
478 1924 730 1971 eiusdem
1029 1930 1089 1972 56
1119 1929 1175 1973 41

138 1983 340 2027 Lucida
360 1983 550 2039 hydrae
1029 1989 1087 2032 27
1124 1990 1201 2038 132}

137 2042 240 2087 Cor
259 2042 313 2101 Ω
1028 2047 1087 2091 48
1149 2050 1177 2093 6

922 2118 1031 2151 non
1049 2110 1199 2153 certa

136 2161 315 2205 Cauda
1029 2169 1081 2211 51
1148 2170 1177 2213 O

135 2220 289 2277 Spica
304 2162 391 2280 ng?
1028 2228 1086 2271 25
1123 2229 1177 2273 10

328 2341 455 2385 DIE
471 2342 532 2387 23
549 2343 943 2389 DECEMBRI
943 2346 999 2391 S.

134 2411 254 2456 Post
272 2411 624 2458 rectificatum
648 2416 914 2461 maiorem

818 2479 1193 2532 quadrantem.

132 2533 160 2575 5
190 2533 247 2576 27
277 2532 337 2576 30
362 2533 504 2578 Max.
558 2535 720 2579 Stella
739 2537 916 2581 lucida
939 2538 993 2582 in
1012 2543 1198 2584 ventre

132 2593 160 2635 5
189 2592 247 2636 27
283 2591 337 2636 10
363 2593 503 2637 Med.
522 2534 659 2649 }ceti
679 2595 818 2640 dic’ta
836 2598 1006 2643 deneb
1028 2600 1198 2644 caitos

131 2709 389 2765 PrimaV
1025 2719 1081 2761 51
1119 2719 1197 2767 Ι8ὲ

133 2769 389 2825 Sequens
408 2771 464 2815 in
485 2783 653 2817 cornu
743 2827 746 2829 v

589 2845 697 2889 per
715 2836 1003 2891 Vtrumque
1023 2839 1084 2881 52
1113 2840 1173 2882 52

138 2888 314 2934 Tertia
334 2891 390 2934 in
411 2893 583 2937 altero
603 2904 772 2938 cornu

602 2964 712 3009 per
726 2954 993 2999 minorem
1022 2958 1081 3001 55
1112 2958 1195 3006 33}

602 3024 710 3068 ρει·
726 3015 989 3059 maiorem
1023 3018 1083 3060 55
1113 3018 1172 3061 35

132 3067 338 3114 Lucida
359 3072 695 3118 mandibulae
715 3073 853 3117 inse-

695 3132 856 3178 rioris
880 3134 1000 3179 Ceti
1023 3136 1082 3179 36
1112 3136 1172 3179 30

534 3202 642 3246 ρει·
658 3193 841 3237 maius
866 3205 996 3239 vero
1022 3195 1081 3238 36
1111 3196 1172 3239 32

1022 3254 1081 3298 45
1109 3256 1194 3305 21ὲ

2265 358 2344 409 121

1287 478 1366 524 Os
1387 482 1444 523 et
1455 482 1635 536 prima
1657 486 2069 533 occidentalior-

1444 601 1460 625 2
1954 551 2323 656 queram

1287 656 1495 702 Oculus
1511 659 1567 717 ᾖ
2175 670 2234 713 49
2264 672 2323 715 42

1563 730 1670 773 ρει·
1684 722 1867 765 maius
1887 726 2148 779 exquisite
2175 729 2234 772 49
2264 730 2323 774 43

1282 775 1467 820 Prima
1490 778 1718 822 Eridani
1731 791 1838 834 ρει·
1853 783 2038 827 minus
2080 830 2083 833 Δ
2175 788 2234 831 28
2263 790 2322 833 25

1283 835 1545 880 Lucidior
1554 848 1663 892 pes
1685 838 1905 884 Orionis

1846 911 1953 955 ρει·
1967 903 2152 948 minus
2174 906 2233 949 25
2263 908 2323 951 22

1969 963 2151 1007 maius
2175 966 2234 1009 25
2263 967 2323 1010 24

1282 1012 1512 1057 sinister
1528 1015 1793 1061 humerus
1816 1018 2035 1064 Orionis

1846 1090 1953 1133 ρει·
1967 1080 2152 1125 minus
2175 1083 2234 1126 40
2293 1085 2323 1128 0

1968 1141 2152 1185 maius
2175 1142 2234 1186 40
2297 1146 2346 1192 lv}

1279 1192 1464 1236 Prima
1486 1192 1695 1238 balthei
2175 1202 2234 1244 33
2262 1204 2322 1247 26

1280 1251 1541 1296 Secunda
1563 1253 1772 1298 balthei
2174 1261 2234 1304 32
2263 1262 2324 1305 37

1285 1312 1463 1355 Tertia
1485 1312 1695 1356 balthei
2174 1321 2229 1363 31
2263 1322 2322 1365 54

1277 1370 1492 1415 Dexter
1509 1372 1774 1417 humerus
1798 1374 2018 1420 Orionis
2175 1380 2229 1422 41
2262 1381 2344 1429 203-

1748 1445 1856 1488 per
1882 1436 2145 1481 maiorem
2174 1439 2229 1482 41
2262 1441 2344 1489 233

1279 1491 1543 1535 Extrema
1559 1492 1725 1546 pedis
1745 1493 2099 1554 superiorisl

1756 1555 2143 1607 perminorem
2172 1560 2230 1601 56
2261 1559 2342 1607 39}

1378 1621 1486 1664 per
1501 1611 1859 1664 quadrantem
1882 1615 2144 1659 maiorem
2173 1619 2232 1661 56
2262 1619 2344 1667 39}

1280 1668 1537 1724 Sequens
1563 1671 1636 1713 ad
1660 1673 1984 1717 calcaneum
2007 1687 2130 1730 quae

1336 1728 1413 1772 eit
1428 1728 1678 1784 suprema
1690 1733 1856 1786 pedis
1871 1735 1927 1777 et
1941 1734 2131 1779 borea-

1335 1788 1443 1831 11'01·
1467 1791 1702 1844 quatuor
1727 1791 1783 1834 in
1812 1793 2052 1847 pedibus
2076 1796 2125 1853 ][

1331 1859 1439 1903 ρει·
1454 1850 1811 1904 quadrantem
1834 1853 2099 1898 minorem
2171 1857 2230 1899 56
2260 1856 2318 1900 45

1532 1910 1623 1952 vel
1641 1909 1737 1963 443,
1755 1922 1863 1966 ρει·
1877 1913 2142 1958 maiorem
2170 1916 2229 1958 56
2260 1915 2318 1959 44

1282 1968 1525 2023 Tempus
1542 1971 1725 2013 autem
1742 1971 2091 2027 interlapsum
2106 1975 2234 2018 dum
2250 1975 2340 2019 hae

1276 2028 1401 2072 duae
1417 2027 1645 2073 stellulae
1665 2030 1956 2075 transiuere
1970 2033 2242 2077 Meridian
2250 2046 2337 2078 um

1274 2086 1378 2130 suit
1400 2087 1467 2132 H.
1489 2088 1532 2131 0.
1564 2090 1593 2131 7
1611 2089 1685 2132 M.
1714 2090 1772 2133 35
1794 2090 1850 2134 S.
1877 2093 2021 2145 quod
2046 2095 2343 2138 concordat

1274 2158 1399 2190 cum
1416 2146 1677 2203 superiori
1690 2149 1859 2194 distan
1866 2151 1936 2195 tia
1951 2151 2223 2196 stellarum
2239 2153 2340 2197 1.46

1274 2207 1469 2251 eodem
1493 2208 1704 2262 vesperi
1723 2209 2019 2254 obseruata.
2039 2211 2174 2255 Fide
2192 2213 2334 2257 huic.

2196 2331 2336 2376 bona

1278 2266 1447 2311 Canis
1467 2267 1647 2311 maior
1656 2279 1764 2323 per
1782 2271 2068 2325 Vtrumque

1275 2350 1606 2405 supremum
1630 2354 1798 2407 caput
1812 2354 1860 2411 ]1

1754 2424 1862 2467 ρει·
1876 2414 2142 2458 minorem
2166 2416 2224 2459 66
2255 2416 2313 2459 49

1278 2470 1365 2512 1211
1379 2470 1502 2518 22ἓΜ
1524 2471 1767 2515 tranliuit
1787 2473 2147 2518 meridionale
2173 2477 2340 2530 caput

1275 2531 1324 2587 ][
1336 2530 1834 2586 permeridianum‚
1850 2532 2083 2588 ideoque
2100 2534 2227 2578 hinc
2237 2546 2336 2589 po-

1274 2589 1405 2633 teris
1429 2589 1715 2635 verificare
1740 2592 1957 2647 tempus
1975 2593 2258 2650 horologii.

1271 2649 1398 2693 Fuit
1414 2651 1597 2693 autem
1621 2651 1753 2694 altit.

1355 2720 1462 2764 per
1477 2710 1742 2754 maiorem
1766 2712 1952 2765 quadr.
1982 2713 2042 2756 63
2101 2713 2129 2756 4
2178 2749 2210 2792 b

1354 2780 1463 2824 per
1478 2769 1744 2814 minorem
1770 2782 1900 2814 vero
1982 2772 2041 2815 63
2099 2773 2129 2815 3
2214 2760 2334 2793 ⁰¹²ae

1471 2888 1598 2932 DIE
1614 2888 1674 2932 24
1692 2889 2136 2935 DECEMBRIS.

1327 2959 1587 3004 Andreas
1608 2960 1916 3006 Obseruauit
1926 2962 2332 3017 diligenterhas

1269 3020 1325 3063 al
1329 3019 1604 3064 titudineS.

1270 3079 1544 3134 Suprema
1565 3080 1767 3135 capitis
1785 3081 1820 3124 h
1825 3081 1980 3136 ydrae
2165 3082 2224 3124 42
2284 3082 2305 3124 Ι

1271 3137 1407 3196 Ouae
1428 3138 1504 3182 est
1521 3139 1668 3183 circa
1692 3141 1934 3194 tempora
2162 3141 2216 3184 41
2249 3141 2331 3188 37}

1270 3197 1530 3242 Secunda
1550 3199 1606 3242 in
1628 3198 1914 3243 eductione
1934 3200 2064 3244 colli
2161 3200 2219 3243 38
2280 3200 2331 3246 9}

1270 3258 1479 3302 Lucida
1498 3258 1693 3314 hydrae
2159 3260 2221 3302 27
2254 3258 2330 3305 14}

189 3344 200 3369 ¹
223 3349 280 3380 Est
292 3349 389 3383 stella
402 3359 427 3391 γ
438 3352 557 3391 Tauri,
576 3353 634 3385 »in
648 3354 753 3391 facie,
769 3355 979 3387 sucularum
994 3356 1112 3396 prima
1124 3358 1162 3389 in
1177 3359 1364 3391 naribus«.

186 3392 203 3417 ²
223 3397 328 3429 Deest
339 3407 482 3432 nomen
496 3400 604 3432 stellae
617 3401 655 3433 in
670 3402 813 3435 codice.
829 3404 1072 3436 Probabiliter
1086 3402 1121 3433 δ’
1134 3406 1252 3437 Tauri.

2144 3480 2184 3508 16
