2742 4204
426 343 515 392 124

425 478 534 504 Horol.
548 478 651 502 maius

422 523 450 564 4
508 523 535 564 3
595 521 623 562 4
654 521 832 562 Cauda
860 519 912 575 Ω
942 519 992 560 in
1022 517 1220 566 merid.,
1252 515 1374 556 altit.
1406 516 1460 554 vt

1440 331 1552 381 1581

1532 466 1689 507 Stella
1709 465 1776 506 ad
1795 475 1927 517 genu
1948 464 2049 506 siue
2069 464 2121 506 in
2141 465 2258 506 sura

2185 521 2386 564 Arcturi
2404 522 2462 564 54
2490 521 2568 573 40,

1310 572 1459 624 supra
1532 579 1865 622 mediocriter
1884 579 2023 621 bona
2043 579 2128 621 sed
2147 579 2442 632 repetenda.

423 638 451 678 4
481 637 535 678 53
596 636 623 677 Ο
654 636 810 677 Stella
830 634 1022 686 polaris
1042 633 1093 673 in

991 690 1170 732 merid.
1193 688 1249 729 52
1281 686 1337 728 58
1372 686 1457 727 10”

423 752 450 793 4
481 753 536 793 55
567 751 623 792 45
656 750 828 792 Media
842 752 893 791 et
907 748 1079 790 lucida
1095 744 1273 800 alae‘np
1294 744 1350 785 34
1380 743 1436 784 59

423 811 449 850 5
480 809 537 851 38
596 809 623 850 O
654 808 806 861 Spica
828 806 892 862 m)

1531 636 1779 678 Arcturus
2404 638 2461 679 55
2490 637 2571 683 30}

1590 693 1852 746 Sequenti
1861 692 2085 735 meridie
2097 693 2427 747 horologium
2444 694 2571 737 mai-

1534 762 1598 794 us
1623 751 1806 793 saltem
1830 750 1892 792 20
1917 749 1973 794 S.
2000 750 2114 793 ibat
2135 750 2389 804 celerius,
2420 752 2570 795 tertia

1293 802 1349 843 25
1385 800 1437 842 10
1527 810 1682 863 parte
1706 808 1865 851 Vnius
1884 807 2089 851 minuti.

424 1061 1061 1116 OBSERUATIONES
1087 1057 1449 1110 FIXARUM
1469 1056 1607 1107 PER
1627 1053 2108 1107 SEXTANTEM
2134 1054 2232 1106 ET
2251 1055 2570 1108 RADIUM

974 1140 1119 1191 PRO
1141 1137 1535 1198 DISTANTIJ
1540 1136 1578 1188 S
1598 1135 2035 1187 HABENDIS.¹

669 1257 792 1298 DIE
814 1252 1206 1309 7JANUAR1J.

486 1326 701 1379 Vesperi
722 1323 1022 1367 obseruauit
1037 1323 1230 1363 Petrus
1256 1321 1359 1363 has
1382 1319 1460 1362 di-

420 1384 637 1427 stantias
651 1394 756 1436 per
769 1381 1016 1424 Radium.

423 1442 627 1485 Oculus
647 1441 701 1497 §5
721 1442 775 1482 et
796 1439 966 1492 Capra
1294 1436 1352 1478 30
1385 1436 1438 1478 10

423 1499 626 1544 Oculus
641 1499 695 1555 {3²
708 1499 764 1540 et
779 1497 957 1539 lucida
978 1494 1190 1538 humeri

1062 1553 1275 1597 Orionis
1293 1553 1347 1594 21
1387 1552 1440 1594 10

418 1616 474 1657 H
475 1626 558 1657 um
565 1614 643 1656 eri
664 1613 876 1657 Orionis
1327 1611 1355 1652 7
1381 1610 1440 1653 28

420 1674 675 1715 Extrema
696 1672 899 1714 dextrae
920 1671 1023 1712 alae
1047 1669 1220 1723 Cygni

1002 1729 1058 1770 et
1075 1727 1281 1770 Scheat
1294 1727 1353 1769 24
1380 1727 1440 1769 25

421 1789 627 1832 Scheat
647 1789 703 1829 et
718 1786 897 1829 media
923 1787 1008 1828 ala
1029 1786 1092 1828 D.
1115 1785 1279 1839 cygni
1296 1785 1354 1827 30
1413 1785 1463 1827 62

423 1846 605 1889 Cauda
630 1844 803 1899 Cygni
820 1846 876 1887 et
892 1844 1071 1886 media
1092 1845 1195 1886 alae

1060 1902 1265 1945 dextrae
1300 1902 1350 1943 11
1382 1901 1441 1943 24

1294 1960 1353 2002 26
1388 1960 1440 2002 16

1294 2018 1353 2060 23
1383 2018 1462 2060 46³

418 1961 600 2004 Media
621 1962 723 2004 alae
743 1962 799 2003 et
813 1962 930 2014 Iyra

419 2021 561 2074 Lyra
582 2021 639 2061 et
653 2020 826 2062 cauda
847 2018 1010 2073 cygni

418 2078 673 2120 Extrema
694 2078 797 2120 alae
817 2078 959 2119 dext.
986 2075 1160 2131 Cygni

933 2136 989 2177 et
1006 2145 1068 2177 os
1088 2134 1279 2188 Pegasi
1292 2134 1349 2176 21
1381 2135 1442 2177 37

419 2195 675 2237 Extrema
696 2195 799 2236 alae
819 2193 882 2235 D.
910 2193 1083 2247 Cygni
1101 2193 1156 2235 et

1073 2251 1274 2304 Aquila
1291 2251 1352 2294 28
1382 2251 1440 2294 30

415 2310 613 2364 Aquila
634 2311 690 2352 et
707 2311 849 2364 Lyra
1294 2309 1352 2352 34
1380 2309 1439 2352 28

417 2369 673 2411 Extrema
694 2369 797 2411 alae
821 2367 995 2422 Cygni
1012 2369 1069 2410 et
1085 2368 1227 2422 Lyra
1295 2368 1352 2410 32
1381 2368 1440 2410 53

420 2426 497 2470 Os
517 2426 705 2479 Pegasi
722 2428 778 2469 et
795 2426 1001 2470 Scheat
1293 2426 1352 2468 25
1382 2426 1440 2468 44

420 2484 497 2528 Os
517 2484 707 2538 Pegasi
724 2486 780 2527 et
796 2484 975 2527 media
996 2485 1059 2526 D.
1080 2485 1183 2527 alae

1103 2542 1277 2596 Cygni
1291 2543 1354 2585 27
1378 2543 1439 2585 29

419 2600 1274 2655 ExtremaetmediaalaecygniD.
1323 2602 1351 2643 6
1381 2601 1439 2643 48

479 2658 684 2702 Omnes
698 2659 787 2702 11ae
804 2658 1201 2702 obseruationes
1219 2660 1300 2702 ter
1309 2670 1463 2713 repe-

420 2717 527 2759 titae
539 2716 657 2759 [unt
667 2717 1003 2770 perradIum,
1018 2718 1109 2770 qui
1124 2717 1264 2760 fallit
1278 2717 1333 2759 in
1348 2729 1462 2760 ma-

418 2775 620 2817 ioribus
640 2774 913 2829 distantijs.

707 2903 816 2945 DIE
841 2903 892 2946 16
911 2904 1174 2946 APRILIS.

419 2974 511 3015 Per
529 2973 824 3027 pinnacidia
844 2973 1101 3016 Sextantis
1121 2978 1275 3028 capta

640 3031 710 3074 est
729 3031 963 3074 distantia
983 3032 1212 3086 capitum
1230 3033 1277 3087 ][
1324 3032 1352 3074 4
1381 3033 1439 3074 24

419 3090 510 3131 Per
529 3089 829 3132 Sextantem
851 3091 1046 3143 absque

973 3148 1275 3203 pinnacidijs
1324 3148 1351 3190 4
1381 3149 1437 3191 27

481 3232 490 3256 ¹
514 3237 546 3265 Α
560 3236 667 3266 Petro
677 3235 808 3275 Jacobi
822 3235 1006 3266 Flemlose
1020 3235 1194 3267 institutae.
1300 3232 1302 3235 ’

478 3279 494 3303 ²
513 3282 742 3321 Adscriptum
756 3281 802 3312 est
815 3278 882 3319 (5).

478 3325 494 3350 3
515 3329 631 3367 Supra
644 3328 862 3367 adscriptum
876 3328 922 3360 est
935 3330 990 3359 45.

2433 1250 2461 1292 4
2491 1250 2571 1295 242}

2433 1308 2462 1350 4
2491 1308 2548 1350 24

1532 1250 1726 1292 Eadem
1746 1249 1980 1292 distantia
1999 1260 2092 1303 per
2112 1250 2327 1292 Radium

1532 1308 1771 1350 Secundo
1792 1319 1884 1361 per
1903 1307 2120 1350 Radium

1531 1367 1624 1408 Per
1647 1365 1874 1416 radium,
1901 1365 2034 1408 inter
2058 1365 2288 1408 maxime
2315 1378 2401 1408 au-

1590 1423 1799 1466 strinam
1811 1423 1967 1465 trium
1980 1423 2032 1465 in
2043 1424 2226 1466 dextra
2240 1435 2401 1466 manu

1588 1482 1939 1524 Andromedae
1954 1485 2004 1524 et
2015 1482 2255 1524 dextrum
2269 1493 2401 1536 genu

1590 1540 1758 1594 Pegafi
2413 1539 2465 1582 16
2494 1541 2550 1582 57

1534 1599 1672 1640 Inter
1682 1597 1873 1640 Scheat
1882 1601 1932 1640 et
1943 1598 2165 1640 eandem
2175 1598 2227 1640 in
2240 1609 2400 1640 manu

1591 1656 1960 1707 Andromedae,
1980 1667 2074 1709 per
2094 1656 2310 1698 Radium
2413 1656 2465 1699 16
2494 1655 2552 1698 49

1592 1716 1805 1768 Propter
1826 1718 1853 1764 (ζ
1876 1714 2201 1767 splendorem
2221 1717 2271 1756 et
2290 1714 2473 1756 denras
2492 1725 2576 1756 ex-

1534 1772 1824 1815 halationes
1845 1772 2062 1815 obscure
2080 1772 2353 1815 videbatur
2366 1772 2504 1815 stella
2523 1772 2575 1814 in

1534 1843 1695 1873 manu
1714 1830 2081 1873 Andromedae.

1822 1953 1930 1994 DIE
1950 1952 2007 1994 24
2025 1952 2287 1995 APRILIS.

1533 2024 1625 2066 Per
1641 2023 1940 2066 Sextantem
1962 2021 2159 2075 absque
2178 2022 2404 2076 pinnaci-

1593 2081 1709 2135 dijs,
1734 2081 1868 2123 inter
1892 2081 2118 2123 caudam
2147 2083 2196 2123 et
2224 2079 2402 2134 pectus

1593 2139 1744 2193 cygni
2439 2138 2467 2181 6
2501 2138 2554 2180 10

1707 2208 1801 2251 ρει·
1819 2196 2115 2250 pinnacidia
2135 2196 2391 2239 Sextantis
2439 2196 2467 2239 6
2525 2198 2553 2238 5

1707 2267 1802 2309 ρει·
1821 2255 2038 2298 Radium
2439 2254 2467 2297 6
2525 2254 2553 2296 4

1823 2377 1932 2419 DIE
1951 2376 2009 2419 29
2027 2377 2290 2420 APRILIS.

1533 2449 1626 2491 Per
1645 2447 1940 2502 pinnacidia
1960 2446 2218 2490 Sextantis

1534 2507 1674 2549 Inter
1691 2506 1918 2548 caudam
1939 2508 1990 2548 et
2008 2516 2200 2548 coxam
2217 2504 2270 2562 Ω

1533 2565 1743 2618 Absque
1762 2563 2068 2618 pinnacidijS

1533 2624 1626 2665 Per
1645 2622 1862 2665 Radium
1884 2633 2011 2665 vero

1534 2681 1672 2724 Inter
1691 2681 1885 2724 collum
1906 2683 1956 2723 et
1975 2680 2202 2722 caudam
2215 2679 2267 2736 Ω
2279 2690 2371 2733 per

1820 2737 2115 2792 pinnacidia
2135 2737 2392 2780 sextantis
2411 2737 2462 2779 21
2498 2736 2556 2779 58

1533 2798 1744 2851 Absque
1769 2796 2073 2852 pinnacidijs
2098 2796 2231 2838 inter

2182 2854 2390 2897 easdem
2409 2853 2467 2895 22
2497 2853 2553 2896 23

1533 2916 1626 2958 Per
1646 2913 1863 2956 Radium
1882 2924 2009 2956 vero
2032 2912 2164 2955 inter
2183 2912 2392 2955 easdem
2411 2911 2463 2954 21
2497 2911 2555 2954 56

1535 2974 1674 3015 Inter
1692 2972 1922 3015 maxime
1943 2970 2221 3014 austrinam
2234 2970 2391 3012 trium

1591 3031 1644 3073 in
1658 3043 1819 3073 manu
1833 3030 2184 3073 Andromedae
2204 3031 2254 3072 et
2274 3029 2393 3071 dex-

1591 3092 1731 3131 trum
1748 3100 1880 3143 genu
1894 3088 2061 3142 Pegasi
2075 3098 2169 3141 per
2187 3086 2391 3129 radium

2045 3145 2113 3188 ad
2133 3145 2392 3187 summum
2416 3144 2467 3186 17
2526 3144 2553 3187 3

2416 2505 2468 2547 10
2503 2504 2555 2546 14

2416 2562 2468 2605 10
2498 2563 2554 2604 25

2414 2621 2466 2663 10
2501 2621 2552 2663 13
