2742 4204
1214 346 1342 399 1582

226 487 467 532 Proxime
480 486 711 541 sequenti
725 485 946 528 meridie
957 488 1241 539 Vtrumque

180 547 531 602 Horologium
549 546 751 589 tardius
772 545 896 596 ibat,
921 544 1093 587 Maius
1111 545 1182 587 M.
1195 544 1242 587 14

179 607 228 651 S.
248 608 317 660 15,
337 606 512 649 Minus
533 605 604 648 M.
625 605 672 647 11
697 605 747 647 S.
763 604 835 647 30.

424 731 536 773 DIE
561 730 613 773 17
634 727 996 780 FEBRUARIJ.

182 816 377 858 Dexter
395 814 650 856 humerus
671 812 863 868 Cephej
885 811 1071 855 habuit

948 872 1049 914 Ait.
1071 870 1130 913 26
1160 870 1243 917 474

179 934 329 977 Genu
349 933 605 975 finistrum
625 931 816 986 Cephej
839 931 1024 974 habuit

305 992 357 1035 in
379 991 564 1035 merid.
586 991 685 1034 Alt.
709 1002 805 1046 per
823 990 884 1042 Q.
907 1002 1049 1033 max.
1072 989 1124 1032 41
1166 990 1243 1034 13}

306 1117 420 1159 DIE
443 1115 497 1158 18
517 1114 880 1166 FEBRUAR1J‚
905 1115 1112 1159 MANE.

181 1235 244 1279 H.
266 1236 283 1278 1
350 1236 376 1278 7
408 1234 467 1277 30
488 1197 703 1375 Ma.}¹’r
703 1198 812 1241 ima
827 1198 1043 1253 CassiOP·
1058 1199 1244 1243 habuit

261 1295 290 1338 0
319 1295 378 1337 55
409 1294 467 1337 50
488 1294 576 1337 Mi·
783 1259 882 1301 Alt.
905 1258 1092 1302 merid.

700 1329 797 1372 per
816 1316 876 1369 Q.
900 1330 1043 1361 max.
1072 1318 1130 1361 22
1161 1318 1243 1365 47}

643 1388 739 1432 per
758 1377 897 1420 Sext.
919 1377 1051 1433 Trig.
1073 1378 1131 1421 22
1162 1378 1220 1422 47

718 1435 875 1479 Stella
896 1437 1093 1491 polaris
1113 1438 1166 1480 in

265 1473 284 1515 l
319 1472 377 1516 43
439 1472 468 1515 0
489 1472 594 1540 MP·
684 1495 870 1539 merid.
893 1496 1080 1540 habuit
1099 1497 1199 1541 Alt.

318 1532 372 1574 31
408 1531 466 1575 33
488 1531 577 1574 M¹·
605 1434 737 1612 }per
756 1555 895 1599 Sext.
917 1556 1048 1611 Trig.
1073 1557 1132 1599 52
1163 1556 1245 1602 57ὲ

180 1675 330 1719 Genu
345 1674 579 1729 Cassiop.‚
594 1614 1058 1729 Αῇῗέἓὲῃέἓέῗτ.
1074 1617 1132 1719 ἐξ
1163 1617 1246 1722 gg&

712 1745 808 1788 per
827 1734 887 1786 Q.
910 1735 1032 1778 mai.
1074 1735 1131 1778 23
1164 1735 1245 1781 58}

178 1795 271 1837 Pes
283 1793 518 1848 Cassiop.‚
530 1794 630 1836 Alt.
642 1794 1058 1848 mer.p.Q.max.
1074 1795 1132 1838 27
1163 1795 1222 1838 30

179 1853 489 1896 Praecedens
510 1855 630 1896 rota
651 1852 836 1896 habuit
851 1854 952 1899 Alt.
1075 1855 1133 1898 70
1194 1855 1222 1898 2

179 1913 415 1967 Sequens
435 1914 554 1956 rota
573 1912 760 1956 habuit
778 1913 879 1957 Alt.
1075 1915 1133 1958 72
1164 1914 1247 1961 352}

182 2031 291 2075 1-1.4
321 2031 374 2074 31
440 2032 468 2073 ⁵
492 1972 1247 2089 M..l¹6¹;{².¹1?.{f}}¹f¹.{}{¹1.¹}2{¹1{¹3

320 2090 373 2133 21
415 2090 468 2133 10
490 2090 578 2135 Mi.
604 2091 630 2196 J
656 2103 688 2134 a
705 2092 927 2136 meridie
942 2093 1123 2137 versus
1144 2105 1224 2137 or-

652 2154 767 2194 tum
786 2151 846 2194 29
877 2152 921 2204 0,
942 2154 1043 2196 Alt.
1074 2153 1127 2196 41
1169 2154 1222 2197 17

183 2209 294 2252 Fuit
313 2209 489 2252 rursus
508 2209 562 2252 in
582 2210 752 2253 Azim.
768 2210 826 2254 23
858 2211 931 2263 37,
953 2212 1053 2256 Alt.
1075 2212 1134 2256 42
1165 2213 1223 2256 24

181 2269 350 2323 Caput
365 2268 609 2312 Herculis
623 2269 675 2312 in
689 2271 858 2314 Azim.
874 2283 907 2314 a
921 2284 1052 2316 mer.
1066 2273 1247 2316 versus

383 2332 561 2372 ortum
580 2328 639 2371 24
675 2329 729 2372 14
748 2330 934 2375 habuit
954 2333 1053 2375 Alt.
1075 2333 1133 2375 47
1194 2333 1223 2375 4

180 2387 349 2442 Caput
360 2387 626 2442 Ophiuchi
634 2389 688 2432 in
696 2390 864 2434 Azim.
875 2391 1056 2435 versus
1068 2396 1246 2436 ortum

582 2448 640 2491 24
676 2449 728 2491 15
748 2449 934 2494 habuit
952 2452 1053 2495 Alt.
1075 2452 1133 2495 45
1195 2453 1249 2498 2}

233 2506 476 2550 Proxime
489 2507 721 2562 sequenti
735 2510 955 2554 meridie
970 2511 1143 2555 maius
1156 2512 1248 2556 ho-

180 2566 442 2622 rologium
454 2568 677 2611 celerius
691 2569 801 2612 ibat
810 2570 860 2615 4³2²
875 2571 963 2623 M.‚
975 2571 1149 2615 minus
1164 2584 1248 2615 ve-

179 2637 241 2669 ro
260 2626 463 2669 tardius
483 2628 510 2669 5
532 2627 603 2671 M.
624 2628 684 2670 20
703 2629 752 2672 S.

180 2684 340 2728 Stella
365 2685 512 2729 iuxta
538 2698 749 2730 armum
776 2687 830 2746 Ω
859 2692 1179 2735 anteriorem
1207 2693 1247 2734 81

180 2745 436 2788 finiftrum
456 2745 644 2790 habuit
662 2747 762 2791 Alt.
785 2750 970 2792 merid.

592 2817 687 2860 per
707 2807 767 2859 Q.
791 2808 1054 2853 minorem
1075 2810 1133 2853 45
1165 2811 1247 2857 33}

181 2862 391 2907 Sinifter
405 2865 613 2908 cubitus
627 2866 819 2924 Cephej
833 2868 1018 2912 habuit
1028 2871 1127 2913 Alt.
1142 2883 1248 2914 me-

180 2923 444 2966 ridianam
465 2936 561 2979 per
580 2925 640 2977 Q.
663 2927 926 2971 maiorem
986 2929 1045 2972 29
1075 2930 1134 2973 56
1165 2931 1223 2974 35

183 2981 333 3025 Genu
353 2983 544 3039 Cephej
568 2985 825 3029 sinistrum

181 3101 363 3168 Cauda
384 3101 438 3159 Ω
456 3046 964 3151 habUitpKftthi-iag:
987 3048 1040 3150 ἑὲ
1082 3049 1158 3154 lg}

180 3160 353 3204 Prima
374 3161 657 3217 Cassiopeae

504 3233 600 3276 per
618 3223 758 3267 Sext.
779 3225 911 3280 Trig.
987 3227 1045 3269 22
1077 3227 1133 3270 47

500 3293 595 3335 per
616 3282 676 3334 Q.
700 3285 964 3328 maiorem
987 3286 1045 3328 22
1076 3287 1158 3332 47}

181 3337 353 3382 Prima
374 3341 476 3383 alae
492 3340 558 3398 m)

500 3411 594 3454 per
615 3401 676 3453 Q.
699 3403 966 3447 minorem
987 3404 1045 3448 35
1076 3405 1134 3449 47

2287 351 2378 404 185

1316 486 1474 529 Stella
1494 486 1692 540 polaris
1712 487 1810 530 Alt.
1835 489 1959 532 min.

1718 558 1814 600 per
1833 546 1972 590 Sext.
1993 548 2123 603 Trig.
2210 550 2268 592 52
2299 551 2355 592 57

1718 617 1814 659 per
1833 605 1894 657 Q.
1916 607 2178 650 maiorem
2210 609 2267 651 52
2299 609 2381 655 571

1317 663 1474 717 Spica
1490 662 1557 720 ΠΡ
1573 664 1672 707 Alt.
1696 664 1881 707 merid.

1797 734 1892 777 per
1911 723 1972 775 Q.
1995 724 2183 768 minor.
2211 726 2267 768 25
2304 727 2358 769 10

1316 792 1412 835 per
1419 781 1769 837 Sext.Trigon.
1779 783 1905 837 (non
1915 783 2034 826 satis
2044 784 2205 841 bona)
2212 785 2269 827 25
2330 786 2358 828 9

1317 841 1627 884 Praecedens
1650 844 1770 885 rota
1789 841 1976 885 habuit
1994 843 2095 886 Alt.

1870 913 1964 955 per
1984 901 2044 953 Q.
2067 903 2190 946 mai.
2214 903 2270 946 70
2330 904 2359 945 2

1318 958 1553 1013 Sequens
1573 962 1691 1003 rota
1711 960 1896 1003 habuit
1915 961 2014 1004 Alt.

1582 1030 1675 1073 per
1696 1018 2062 1070 Quadrantem
2082 1020 2193 1064 fere
2214 1022 2270 1064 72
2301 1022 2359 1064 36

1564 1125 1676 1167 DIE
1696 1125 1754 1168 22
1775 1125 2138 1178 FEBRUARIJ.

1320 1195 1384 1240 H.
1402 1196 1430 1238 6
1460 1196 1542 1241 544
1562 1208 1657 1251 per
1678 1197 1851 1241 Maius
1872 1200 1987 1240 erat
2007 1199 2128 1240 calx
2147 1199 2295 1253 pedis
2313 1200 2362 1255 ][

1999 1257 2052 1299 in
2071 1259 2382 1302 meridiano.

1402 1316 1428 1358 7
1466 1315 1524 1358 28
1566 1315 1619 1358 10
1653 1315 1777 1367 Ma„
1812 1317 1968 1359 Canis
2000 1316 2174 1361 maior
2205 1317 2302 1360 fuit
2332 1318 2385 1361 in

1489 1374 1673 1419 merid.
1697 1375 1902 1419 habens
1922 1376 2060 1419 Altit.
2084 1376 2196 1420 fere
2220 1378 2272 1421 17
2303 1377 2361 1420 58

1319 1433 1580 1489 Suprema
1601 1434 1875 1478 cathedrae
1896 1435 2111 1490 Cassiop.
2134 1437 2234 1479 Alt.

1713 1506 1808 1548 per
1828 1495 1968 1539 Sext.
1989 1495 2193 1550 Trigon.
2216 1496 2274 1539 22
2304 1496 2386 1541 474

1319 1552 1564 1596 Secunda
1578 1554 1631 1596 in
1646 1555 1732 1596 ala
1742 1553 1808 1611 m)
1818 1555 2060 1608 proxime
2075 1556 2386 1609 praecedens

1319 1613 1556 1656 lucidam
1577 1616 1629 1656 et
1649 1614 1886 1657 mediam
1908 1615 2009 1657 alae
2029 1626 2124 1668 per
2144 1615 2204 1666 Q.
2221 1615 2386 1657 mino-

1753 1685 1869 1716 rem
1889 1673 2075 1716 habuit
2094 1675 2193 1718 Alt.
2216 1675 2272 1717 35
2304 1674 2361 1717 47

1320 1731 1496 1775 Steuae
1516 1732 1712 1787 polaris
1732 1733 1832 1777 Alt.
1856 1733 1981 1776 min.

1837 1804 1931 1847 per
1951 1793 2090 1837 Sext.
2112 1794 2194 1836 Tr.
2217 1793 2274 1836 52
2305 1793 2385 1839 572}

1321 1850 1500 1894 Media
1521 1854 1573 1894 et
1591 1852 1769 1895 lucida
1790 1853 1891 1895 alae
1907 1852 1973 1910 'np

1870 1924 1965 1966 per
1985 1912 2046 1964 Q.
2068 1912 2193 1955 min.
2215 1912 2274 1955 34
2305 1911 2386 1957 5921

1322 1969 1386 2013 H.
1402 1970 1431 2013 2
1492 1971 1519 2012 5
1552 1970 1604 2013 41
1632 1970 1765 2087 Ma}
1779 1971 1935 2026 Spica
1949 1971 2076 2029 ”Pin
2090 1972 2385 2016 meridiano

1403 2029 1431 2072 3
1462 2029 1515 2072 31
1552 2030 1610 2072 20
1631 2030 1719 2073 Mi.
1902 2031 2088 2075 habuit
2107 2033 2194 2074 alt.
2216 2031 2273 2074 25
2310 2031 2363 2074 10

1373 2090 1616 2133 Proxime
1632 2090 1864 2144 sequenti
1876 2090 2095 2134 meridie
2110 2091 2282 2134 maius
2296 2091 2387 2134 ho·

1320 2149 1584 2204 rologium
1607 2150 1830 2193 celerius
1856 2150 1966 2193 ibat
1985 2152 2013 2193 5
2035 2151 2104 2194 M.
2127 2151 2186 2194 20
2206 2150 2272 2202 S.,
2295 2150 2387 2193 mi-

1320 2220 1420 2252 nus
1442 2220 1571 2252 vero
1591 2209 1619 2252 3
1640 2209 1786 2253 horis
1810 2209 1863 2252 18
1886 2210 1955 2254 M.

1568 2328 1680 2371 DIE
1700 2328 1757 2370 23
1779 2328 2140 2381 FEBRUARIJ.

1323 2399 1387 2443 H.
1405 2400 1431 2442 7
1464 2399 1522 2442 24
1553 2399 1611 2442 40
1632 2400 1786 2443 Canis
1813 2400 1987 2443 maior
2006 2400 2102 2443 fuit
2128 2402 2179 2443 in
2200 2400 2384 2443 merid.

1672 2459 1961 2513 habuitque
1981 2461 2194 2504 Altitud.
2222 2460 2273 2503 17
2305 2460 2361 2502 57

1321 2519 1493 2561 Prima
1525 2519 1578 2561 in
1607 2518 1884 2562 eductione
1917 2521 2038 2562 colli
2065 2519 2269 2574 Hydrae
2298 2519 2388 2562 ha-

1572 2579 1683 2621 buit
1703 2579 1754 2621 in
1776 2579 1959 2622 merid.
1982 2580 2194 2622 Altitud.
2217 2580 2269 2622 41
2306 2579 2363 2621 36

1323 2638 1526 2681 Lucida
1548 2637 1753 2692 Hydrae
1774 2638 1960 2682 habuit

1890 2700 1987 2741 Alt.
2011 2698 2196 2742 merid.
2217 2699 2273 2741 27
2311 2698 2363 2740 14

2090 2757 2144 2816 Ω
2165 2758 2349 2801 habuit

2054 2818 2194 2861 Altit.
2217 2818 2273 2859 45
2306 2817 2386 2861 51ὲ

1322 2756 1473 2799 Genu
1495 2757 1752 2800 sinistrum
1773 2758 1813 2800 ἃ
1835 2759 2068 2801 anterius

1322 2875 1503 2918 Cauda
1527 2875 1579 2933 Ω
1603 2876 1788 2920 habuit
1807 2876 1860 2918 in
1881 2888 2011 2920 mer.
2033 2878 2131 2919 Alt.

1324 2935 1500 2978 Media
1522 2936 1562 2978 81
1583 2936 1760 2979 lucida
1782 2937 1884 2979 alae
1900 2935 1966 2993 m>

1724 3007 1820 3050 per
1839 2995 1899 3047 Q.
1923 2996 2047 3039 min.
2217 2995 2275 3038 34
2306 2995 2386 3039 584

1724 3066 1819 3108 per
1836 3055 1975 3098 Sext.
1992 3055 2195 3110 Trigon.
2217 3055 2274 3097 34
2306 3055 2386 3099 571

1321 3113 1523 3156 Lucida
1545 3114 1597 3156 in
1618 3113 1824 3169 cingulo
1842 3114 1907 3171 m)

1724 3185 1820 3227 per
1839 3174 1899 3225 Q.
1923 3174 2047 3217 min.
2217 3173 2275 3216 39
2305 3173 2361 3215 47

1725 3244 1820 3287 per
1835 3232 1973 3276 Sext.
1991 3234 2193 3288 Trigon.
2215 3233 2274 3276 39
2305 3232 2387 3277 47}

1322 3290 1494 3345 Spicae
1510 3290 1576 3348 m)
1591 3292 1691 3334 Alt.
1714 3293 1899 3335 merid.

1725 3363 1821 3406 per
1841 3351 1900 3402 Q.
1923 3353 2048 3394 min.
2070 3352 2182 3395 fere
2215 3352 2273 3394 25
2310 3351 2363 3393 10

1724 3422 1819 3465 per
1837 3411 1975 3454 Sext.
1992 3411 2194 3466 Trigon.
2216 3410 2273 3453 25
2310 3409 2362 3452 10

2198 3501 2240 3530 24
