2690 4178
371 296 439 347 38

1198 437 1471 496 ANNO
1507 433 1700 496 1573¹.

1029 524 1140 565 DIE
1158 523 1596 565 PENTECOSTES
1619 523 1672 565 10
1692 523 1856 574 MAIJ.

659 595 797 636 Inter
814 593 1072 636 flexuram
1093 592 1370 646 Cassiopeae
1389 595 1441 634 et
1458 602 1655 634 nouam
1675 592 1871 634 stellam
1914 592 1971 633 5Ιῑ
2006 591 2049 633 8‘
2110 593 2138 633 5
2197 593 2225 634 O

659 652 797 694 Inter
817 652 1112 705 supremam
1133 650 1398 694 cathedrae
1419 652 1469 691 et
1486 660 1683 692 nouam
1704 649 1901 692 stellam
1919 650 1946 690 5
1977 649 2035 691 28
2111 651 2138 691 5
2169 650 2226 692 20

659 710 797 752 Inter
816 709 1031 752 Schedir
1049 712 1100 752 et
1119 720 1314 752 nouam
1334 707 1529 750 stellam
1920 707 1947 749 8
2007 709 2034 749 5
2112 709 2138 749 7
2169 707 2226 749 52

429 779 641 822 Confide
656 779 735 821 his
750 778 1194 822 observationibus
1209 775 1465 820 subtracta
1477 779 1657 819 tamen
1672 776 1991 819 instrumenti
2005 777 2260 830 parallaxi
2272 777 2317 834 (5
2331 780 2520 833 gradus

369 837 565 881 habent
583 836 854 891 paralaxin
873 836 900 878 8
920 837 1254 886 minutorum,
1276 835 1303 877 8
1323 835 1512 889 gradus
1532 834 1727 877 habent
1751 834 1835 890 13).

1191 939 1301 981 DIE
1324 939 1377 981 14
1395 938 1702 981 AUGUSTI.

428 1011 557 1053 Cum
575 1012 611 1064 21
632 1010 740 1053 fere
758 1010 811 1052 in
829 1009 1142 1064 longitudine
1160 1008 1467 1062 iungebatur
1486 1009 1640 1051 oculo
1656 1007 1711 1064 ξς
1723 1007 1819 1050 fuit
1839 1008 2073 1051 distantia
2093 1019 2278 1052 eorum
2296 1009 2353 1052 4⁹
2366 1010 2455 1053 35¹.

428 1069 566 1111 Inter
584 1080 779 1111 nouam
799 1068 994 1110 stellam
1014 1070 1064 1110 et
1083 1068 1319 1120 polarem
1338 1066 1423 1108 25p
1442 1065 1502 1108 9⁴.

428 1126 622 1169 Oculus
632 1129 649 1153 ²
661 1126 715 1182 ξς
729 1126 887 1168 habet
905 1125 1227 1168 latitudinem
1241 1124 1297 1166 5³
1314 1124 1381 1166 18¹
1394 1125 1476 1166 vel
1491 1123 1661 1177 potius
1675 1123 1731 1165 5g
1744 1127 1795 1167 et
1811 1124 1863 1166 17
1873 1124 1904 1142 ¹¹¹
1917 1124 2327 1177 meridionalem,
2340 1127 2405 1169 de
2418 1126 2520 1169 hoc

370 1195 475 1227 non
494 1184 687 1235 dubita,
709 1196 833 1226 nam
854 1183 930 1226 bis
956 1182 1227 1226 obseruaui
1248 1182 1568 1236 congressum
1593 1187 1621 1232 Ε
1647 1193 1768 1224 cum
1789 1182 1927 1225 stella
1951 1182 2039 1225 illa
2063 1184 2207 1225 iuxta
2225 1183 2282 1226 90
2300 1185 2522 1238 gradum

371 1242 680 1296 Ecclipticae,
708 1253 830 1285 cum
861 1246 889 1292 Ε
913 1273 923 1283 .
941 1272 951 1282 .
971 1244 1001 1283 .³
1021 1242 1071 1282 in
1098 1240 1426 1294 longitudine,
1449 1240 1533 1282 sed
1559 1240 1724 1283 solum
1749 1240 1802 1282 in
1826 1240 2093 1283 latitudine
2119 1241 2349 1285 habebat
2373 1254 2523 1296 para-

370 1300 524 1351 laxin‚
541 1303 592 1342 et
604 1300 783 1342 habita
796 1299 997 1342 ratione
1011 1298 1272 1352 paralaxis
1289 1303 1317 1348 Ε
1333 1299 1383 1339 in
1397 1298 1664 1340 latitudine
1678 1298 1850 1341 inveni
1863 1299 2188 1342 latitudinem
2203 1300 2359 1343 stellae
2378 1300 2523 1343 iuxta

373 1358 425 1400 17
445 1358 643 1409 minut.‚
666 1359 767 1400 alio
791 1360 1029 1411 tempore
1053 1357 1197 1399 iuxta
1221 1356 1272 1398 18
1292 1359 1342 1398 et
1362 1356 1428 1398 fic
1450 1355 1652 1409 accipio
1672 1356 1905 1399 medium
1930 1357 2063 1399 inter
2080 1360 2359 1411 vtrumque
2382 1358 2435 1400 16
2454 1358 2523 1400 vi-

370 1415 556 1459 delicet
574 1416 846 1458 minutum.

429 1474 599 1517 Nota.⁴
610 1475 712 1527 Ego
733 1472 1057 1516 latitudinem
1077 1472 1187 1515 eius
1213 1471 1371 1514 aliam
1390 1472 1561 1514 inveni
1586 1472 1761 1525 postea
1781 1472 1899 1524 5.3o‚
1921 1473 2075 1527 idque
2095 1476 2308 1527 propter
2326 1474 2524 1528 ignora-

368 1535 478 1574 tam
503 1537 531 1582 Ε
556 1531 880 1574 latitudinem
900 1531 1192 1573 maximam
1212 1542 1331 1584 quae
1350 1530 1520 1584 potius
1540 1530 1610 1573 est
1628 1542 1676 1583 p.
1690 1530 1755 1575 Si.

881 1635 991 1677 DIE
1010 1634 1037 1677 8
1057 1634 1435 1686 DECEMBRIS‚
1457 1634 1734 1677 ECLIPSIS
1755 1634 1972 1677 LUNAE
1983 1638 2013 1678 ⁵.

429 1705 580 1748 Hanc
606 1716 702 1760 ego
728 1705 943 1759 Eclipfin
967 1705 1019 1747 in
1044 1705 1197 1747 Curia
1222 1716 1342 1747 mea
1369 1705 1770 1758 Knusdorpiana
1796 1705 2063 1759 diligenter
2087 1706 2376 1749 obseruaui.
2404 1708 2524 1749 Erat

369 1764 507 1807 enim
521 1764 715 1806 coelum
730 1763 847 1806 satis
868 1764 1119 1806 serenum.
1135 1763 1329 1805 Aderat
1343 1774 1468 1806 vero
1485 1766 1608 1805 tunc
1624 1761 1808 1805 dilecta
1829 1763 1957 1805 mihi
1973 1764 2118 1806 soror
2131 1764 2325 1818 Sophia
2338 1765 2522 1816 Brahe,

367 1825 491 1864 tunc
510 1821 759 1875 temporis
778 1820 922 1876 virgo
943 1832 1202 1864 annorum
1223 1821 1427 1863 circiter
1451 1821 1517 1872 14,
1535 1833 1669 1874 quae,
1691 1833 1815 1863 cum
1834 1823 2020 1864 natura
2040 1822 2230 1864 talibus
2251 1821 2526 1866 delectare-

368 1883 467 1930 tur,
489 1879 706 1922 libenter
725 1879 1040 1930 attendebat,
1066 1880 1106 1921 ἃ
1132 1890 1195 1921 ea
1215 1890 1334 1932 quae
1359 1882 1564 1933 poterat
1589 1879 2019 1923 subministrabat.
2042 1880 2373 1934 Deprehendi
2396 1892 2523 1924 vero

368 1949 461 1991 per
481 1937 837 1988 Quadrantem
858 1938 1120 1990 quendam
1142 1937 1566 1980 Oriohalohicum
1591 1937 1906 1989 inauratum,
1928 1938 2025 1991 qui
2040 1938 2232 1993 singula
2253 1938 2409 1993 quina
2434 1939 2526 1981 mi-

368 1998 493 2038 nuta
511 1996 629 2038 satis
649 1995 886 2049 expedite
905 1995 1184 2046 indicabat,
1203 2000 1231 2046 Ε
1247 2004 1321 2023 ”³¹¹¹
1336 1998 1648 2049 apparenter
1666 1997 1912 2039 vmbram
1926 1996 2067 2039 fuisse
2080 1996 2366 2051 ingressam,
2382 1997 2422 2038 ἃ
2440 1997 2526 2040 ali-

369 2054 616 2107 quantula
636 2056 784 2106 parte
798 2053 1057 2105 delituisse,
1074 2064 1196 2096 cum
1216 2057 1374 2107 caput
1393 2054 1649 2097 inferioris
1664 2054 1868 2097 Gemini
1881 2055 2175 2097 eleuaretur
2187 2055 2420 2109 partibus
2432 2055 2523 2106 141,

370 2112 503 2154 adeo
529 2114 584 2153 vt
608 2112 697 2154 vix
720 2111 793 2153 140
809 2111 1096 2154 Horizonte
1121 2112 1365 2154 exstiterit
1389 2112 1475 2154 illa
1501 2113 1658 2163 stella,
1685 2112 1738 2154 in
1762 2112 1998 2166 ipfissimo
2024 2113 2228 2168 deliquij
2256 2113 2522 2167 principio.

369 2169 554 2212 Nostra
571 2169 818 2212 indicatio
839 2169 1067 2224 superius
1087 2170 1343 2223 exposita⁶
1355 2171 1587 2213 eiusdem
1604 2171 1758 2214 stellae
1775 2171 2141 2214 sublimitatem
2153 2174 2276 2214 tunc
2292 2171 2525 2214 futuram

368 2227 604 2282 praedIcit
627 2228 716 2271 13⁰.
734 2227 887 2279 Quod
906 2228 1065 2270 etiam
1086 2228 1526 2281 quamminimum
1547 2229 1613 2271 ab
1635 2229 1996 2272 obseruatione
2016 2229 2203 2273 differt.

426 2286 485 2328 In
503 2285 645 2329 initio
664 2285 838 2329 totalis
858 2286 1099 2340 ingressus
1119 2286 1393 2329 obseruaui
1417 2287 1642 2330 eandem
1662 2288 1861 2330 stellam
1888 2287 2052 2330 attolli
2070 2299 2118 2342 p.
2133 2287 2228 2335 221.
2250 2287 2524 2342 Assignatio

369 2344 709 2398 praeiudicata
721 2344 896 2387 nostra
910 2344 1011 2387 hac
1025 2344 1077 2386 in
1090 2348 1238 2398 parte
1250 2344 1410 2388 habet
1423 2357 1494 2399 gr.
1510 2345 1605 2390 21222.
1620 2345 1773 2396 Quod
1787 2345 1946 2388 etiam
1958 2346 2321 2400 permodicum
2336 2345 2522 2389 differt.

369 2403 428 2444 In
446 2402 699 2456 principio
720 2402 937 2456 egressus
957 2403 998 2444 ἃ
1018 2401 1340 2445 eluctationis
1360 2403 1426 2445 ab
1447 2404 1650 2455 vmbra‚
1673 2404 1825 2447 Canis
1845 2404 2017 2447 minor
2037 2404 2411 2450 obseruabatur
2430 2405 2527 2447 ele-

369 2460 483 2502 uari
501 2472 550 2514 p.
571 2460 661 2505 1723.
682 2461 987 2503 Praecedens
1008 2463 1185 2503 autem
1204 2461 1449 2504 indicatio
1474 2461 1548 2503 170
1568 2462 1742 2513 habet,
1766 2463 1906 2516 quod
1925 2462 2013 2504 vix
2033 2462 2326 2505 sensibiliter
2345 2463 2526 2505 discre-

369 2521 473 2572 pat.
497 2518 645 2560 quta
667 2518 909 2560 vltimum
933 2518 1093 2561 finem
1117 2519 1276 2562 totius
1295 2519 1501 2573 Eclipfis
1526 2521 1694 2562 nullas
1720 2521 1888 2563 stellas
1915 2520 2191 2564 obseruare
2217 2520 2374 2571 licuit,
2401 2532 2525 2563 nam

371 2577 437 2619 ab
458 2587 521 2619 eo
541 2579 795 2629 tempore,
812 2577 1021 2630 quando
1041 2577 1215 2619 media
1236 2577 1441 2620 circiter
1462 2583 1490 2628 Ε
1512 2578 1701 2632 egressa
1721 2582 1834 2621 erat
1851 2582 2006 2621 terrae
2020 2579 2281 2631 vmbram,
2295 2590 2459 2632 vsque
2475 2579 2526 2621 in

369 2634 530 2677 finem
548 2635 780 2686 totalem,
796 2635 837 2677 81
855 2634 1083 2686 vlterius‚
1099 2635 1397 2678 rariusculae
1416 2636 1581 2678 nubes
1602 2637 1796 2678 coelum
1817 2637 2158 2688 obduxerant,
2180 2638 2252 2679 ita
2270 2640 2326 2679 vt
2344 2637 2451 2680 sola
2467 2642 2495 2687 Ε
2513 2669 2524 2687 ,

369 2703 466 2735 nec
476 2695 655 2735 tamen
667 2693 868 2746 semper
876 2693 994 2735 satis
1002 2693 1218 2736 discrete
1229 2696 1518 2747 appareret,
1530 2694 1739 2747 quando
1752 2698 1928 2737 autem
1938 2695 2179 2748 suprema
2190 2696 2299 2738 eius
2310 2695 2527 2738 circum-

369 2750 589 2793 ferentia
599 2750 905 2793 eleuabatur
914 2751 1084 2801 50025⁴,
1092 2754 1263 2794 totum
1274 2753 1452 2794 lumen
1461 2752 1783 2806 recuperasse
1793 2753 1900 2794 visa
1911 2753 1997 2803 est,
2009 2756 2261 2806 quantum
2269 2764 2362 2807 per
2371 2753 2528 2796 nube-

371 2809 515 2851 culas
534 2809 647 2851 illas
666 2820 815 2851 raras
835 2809 1123 2852 discernere
1142 2810 1297 2853 licuit.
1322 2809 1438 2852 Non
1456 2813 1636 2852 tamen
1655 2810 1774 2853 satis
1798 2814 2047 2853 accurata
2066 2811 2107 2853 81
2127 2811 2414 2854 commoda
2432 2811 2528 2854 fuit

369 2866 487 2909 haec
513 2867 695 2909 vltima
721 2867 1078 2918 consideratio,
1100 2868 1290 2921 partim
1310 2868 1431 2921 quia
1459 2873 1487 2918 Ε
1513 2868 1798 2919 nubeculis,
1819 2869 1893 2911 vti
1912 2867 2121 2921 dictum,
2143 2869 2373 2912 obnoxia
2398 2872 2525 2920 erat,

430 2962 441 2986 ¹
463 2966 657 2996 Annorum
675 2966 759 2996 1571
776 2970 812 2996 et
828 2966 914 2996 1572
929 2965 1039 2996 nullae
1054 2965 1134 2996 sunt
1153 2966 1427 2997 obseruationes
1439 2966 1477 2997 in
1491 2967 1631 3003 codiee,
1645 2967 1780 2998 tametsi
1794 2967 1920 3005 ‘tycho
1940 2976 2005 3006 per
2020 2967 2181 2999 hiemem
2199 2968 2378 2998 1572-73
2393 2967 2526 2999 stellam

369 3020 508 3043 novam
520 3012 566 3042 ab
581 3020 627 3042 eo
640 3011 697 3043 die
715 3013 752 3042 11
770 3012 993 3043 Novembris
1006 3012 1165 3051 primum
1179 3012 1410 3052 conspeetam
1424 3013 1606 3052 saepissime
1621 3013 1833 3044 observavit.

427 3055 444 3080 ²
464 3059 506 3089 In
519 3058 680 3098 margine
693 3058 910 3098 adscriptum
923 3058 970 3090 est
986 3059 1097 3090 »Haec
1112 3064 1212 3090 erant
1224 3058 1370 3091 indueta
1382 3060 1522 3091 lineis«.

427 3101 444 3127 3
465 3105 534 3136 Hic
548 3110 693 3144 oportet
705 3105 823 3145 legere
841 3105 1032 3136 »nullam«.

427 3149 444 3173 ⁴
463 3152 505 3182 In
520 3151 680 3191 margine
697 3152 809 3183 »Haec
822 3152 999 3191 posteriue
1013 3153 1222 3184 accessere1‘.

428 3195 444 3220 ⁵
464 3199 495 3228 E
508 3198 637 3230 codice
650 3198 923 3229 Vindobonensi
936 3198 1050 3229 latino
1068 3200 1177 3230 10686
1188 3196 1230 3230 ¹⁷.
1243 3200 1283 3230 In
1299 3199 1426 3230 codice
1447 3199 1746 3230 obseruationum
1760 3199 1870 3230 huius
1884 3199 2023 3238 eclipsis
2038 3199 2240 3230 observatio
2255 3208 2331 3230 non
2345 3199 2527 3239 reperitur.

371 3244 441 3275 Cfr.
454 3244 528 3275 vol.
543 3245 559 3275 1
572 3253 608 3283 p.
623 3246 682 3275 131
700 3244 830 3276 nostrae
847 3244 1029 3276 editionis.

428 3287 444 3313 ⁶
464 3291 505 3322 In
519 3290 612 3322 libro
625 3291 671 3322 de
684 3300 784 3322 nova
796 3291 904 3328 stella,
919 3291 1002 3322 Vol.
1015 3291 1029 3321 1
1043 3301 1079 3331 p.
1090 3293 1145 3323 56.
