2690 4178
691 453 1412 515 PROLEGOMENA
1439 454 1888 515 EDITORIS.

332 578 446 622 AEC
470 577 630 622 editio
653 577 1089 621 observationum
1111 578 1595 622 astronomicarum
1615 578 1957 622 TYCHONIS
1978 579 2213 631 BRAHE,
2242 581 2389 636 quus

365 660 504 693 nunc
531 649 764 704 primum
782 651 992 692 tomum
1012 649 1222 703 publice
1243 650 1464 701 edimus,
1492 650 1666 704 prima
1687 653 1766 692 est
1786 650 2032 693 omnibus
2052 651 2286 693 numeris
2307 663 2390 694 ex-

186 722 343 778 pleta.
372 720 556 775 Neque
580 723 762 763 tamen
788 731 886 763 nos
911 719 1069 775 primi
1094 719 1194 764 has
1220 721 1622 765 observationes
1650 732 1837 764 omnes
1859 721 1943 764 vel
1970 724 2179 775 partem
2205 733 2390 765 earum

187 793 345 837 edere
359 791 706 847 aggredimur.
725 791 908 845 Itaque
924 794 1213 846 antequam
1228 792 1442 835 codices
1457 804 1621 835 manu
1635 792 1877 846 scriptos,
1894 791 2083 846 quibus
2096 793 2178 836 usi
2190 805 2389 845 sumus,

187 862 553 914 describimus,
575 862 687 905 fata
706 873 895 906 eorum
915 863 1269 915 narrabimus,
1291 866 1343 907 et
1363 863 1452 918 qui
1471 866 1629 906 antea
1647 862 1710 906 iis
1729 862 1810 906 usi
1828 862 1946 915 sint,
1968 863 2275 907 referemus.

256 935 582 990 Tychonem‚
610 933 654 977 si
678 933 883 988 longius
909 937 1069 978 aetate
1097 937 1383 990 provectus
1409 937 1563 986 esset,
1591 934 1771 978 animo
1799 934 2195 988 propositurum
2216 934 2390 987 fuisse,

187 1010 244 1050 ut
264 1017 451 1050 omnes
471 1004 872 1049 observationes
892 1017 1017 1049 suas
1036 1006 1348 1061 publicaret,
1370 1005 1460 1048 vix
1480 1005 1626 1049 credi
1644 1008 1833 1060 potest.
1862 1006 1920 1047 In
1947 1006 2170 1060 epistula
2195 1018 2323 1050 sane
2344 1020 2390 1050 a.

192 1077 303 1121 1587
324 1076 587 1121 Guilelmo
615 1077 952 1132 Landgravio
980 1077 1107 1120 data
1131 1077 1206 1120 ita
1235 1077 1300 1121 de
1326 1077 1387 1120 iis
1414 1076 1595 1125 scribit
1620 1076 1741 1133 (vid.
1763 1080 1894 1120 tom.
1916 1077 1987 1120 VI
2013 1088 2063 1131 p.
2086 1077 2235 1135 74‚³⁷):
2268 1079 2394 1121 »Eas

187 1160 316 1193 vero
337 1159 463 1192 cum
484 1147 710 1192 aliorum
730 1147 956 1192 inuentis
977 1149 1237 1201 conferre,
1259 1149 1301 1191 81
1319 1148 1539 1192 tandem
1559 1148 1612 1191 in
1625 1160 1782 1191 vsum
1796 1148 2067 1203 publicum
2081 1149 2393 1202 producere,

188 1223 245 1264 vt
262 1223 376 1264 tota
396 1222 664 1263 astrorum
684 1219 903 1263 scientia
924 1223 1112 1264 exacte
1132 1220 1455 1275 apparentijs
1476 1219 1776 1263 caelestibus
1796 1219 2104 1271 satisfaciat,
2130 1220 2391 1263 elaboro.«

188 1293 341 1335 Anno
372 1301 503 1335 vero
539 1289 651 1333 1598
682 1290 736 1333 in
768 1294 1061 1346 conspectu
1093 1302 1318 1346 operum
1350 1302 1571 1334 suorum
1603 1288 1809 1334 Hvenae
1841 1294 2201 1345 peractorum,
2236 1303 2396 1345 quem

188 1360 537 1406 Mechanicis
550 1362 767 1406 inseruit
779 1361 888 1420 (fol.
905 1362 941 1405 F
953 1363 1028 1415 2V,
1053 1361 1153 1417 Op.
1169 1366 1300 1407 tom.
1311 1362 1358 1405 V
1371 1374 1421 1417 p.
1442 1362 1613 1419 110‚1s),
1634 1362 1707 1405 ita
1722 1362 1974 1416 loquitur:
2002 1363 2128 1405 »Eas
2142 1362 2398 1406 rarissimi

189 1434 231 1477 δι
255 1433 622 1489 pretiosissimi
645 1433 883 1478 thesauri
908 1435 1030 1478 loco
1058 1434 1322 1478 custodio:
1353 1445 1486 1488 quas
1508 1436 1692 1477 tamen
1712 1436 1934 1477 cunctas
1955 1434 2241 1488 aliquando
2262 1434 2397 1477 forte

188 1505 385 1561 publici
409 1504 542 1548 Iuris
568 1504 784 1558 faciam,
812 1505 902 1549 ubi
929 1506 1106 1550 adhuc
1132 1507 1309 1560 plures
1331 1505 1392 1548 iis
1416 1505 1716 1561 adjungere,
1745 1504 1938 1548 Divina
1958 1506 2281 1549 concesserit
2300 1506 2398 1548 cle-

189 1576 431 1620 mentia«
454 1576 705 1620 Attamen
725 1576 955 1632 suspicio
977 1577 1104 1621 satis
1124 1580 1268 1629 nota,
1291 1589 1455 1631 quam
1475 1588 1688 1631 semper
1707 1576 1942 1619 habebat
1960 1577 2160 1631 Tycho,
2184 1577 2397 1631 quando

191 1648 257 1692 de
289 1647 749 1692 observationibus
781 1649 893 1704 ejus
926 1648 1196 1704 agebatur,
1232 1660 1296 1692 ac
1325 1648 1487 1691 timor
1515 1648 1626 1703 ejus
1655 1650 1956 1702 perpetuus,
1990 1661 2056 1692 ne
2084 1649 2299 1691 laudem
2328 1648 2399 1690 in-

190 1718 450 1771 veniendi,
478 1731 600 1773 quae
626 1731 693 1763 ex
718 1719 817 1763 illis
843 1719 1126 1763 efficienda
1152 1723 1343 1771 essent,
1372 1719 1560 1773 aliquis
1580 1719 1678 1762 sibi
1698 1719 2022 1774 praeriperet,
2051 1720 2231 1774 utique
2258 1731 2397 1771 eum,

190 1793 248 1834 ut
267 1790 411 1834 credi
431 1790 604 1842 debet,
633 1790 985 1843 abstinuisset,
1014 1803 1080 1835 ne
1104 1791 1302 1846 publici
1317 1791 1448 1847 juris
1469 1802 1561 1833 eas
1580 1790 1798 1835 faceret.
1826 1792 1997 1846 Atque
2025 1803 2165 1835 anno
2191 1794 2401 1834 tantum

195 1861 243 1909 1}
269 1864 391 1905 ante
416 1864 647 1905 mortem
666 1861 934 1916 Tychonis
958 1861 1309 1906 IOHANNES
1331 1862 1597 1913 KEPLER,
1627 1873 1752 1905 cum
1778 1862 2011 1916 primum
2031 1862 2296 1907 Benaticae
2317 1862 2402 1905 de-

191 1936 350 1989 geret,
376 1933 431 1977 in
461 1933 890 1978 »deliberatione«
921 1934 1048 1978 satis
1074 1935 1232 1990 longa
1252 1934 1484 1978 duorum
1505 1934 1731 1976 alterum
1752 1933 1851 1977 sibi
1871 1933 2175 1977 faciendum
2196 1945 2311 1977 esse
2332 1933 2402 1976 di-

192 2004 284 2048 cit:
320 2007 437 2048 »aut
466 2004 858 2049 describendae«
891 2005 1057 2060 inquit
1090 2005 1246 2049 »mihi
1271 2005 1522 2060 privatim
1549 2005 1661 2060 ejus
1691 2004 2092 2049 observationes
2120 2005 2191 2063 (id
2221 2008 2402 2048 autem

191 2087 300 2120 non
320 2076 595 2129 concedet,
622 2079 675 2120 et
699 2076 906 2129 merito,
934 2077 1021 2120 hic
1048 2077 1191 2121 enim
1212 2080 1292 2120 est
1311 2077 1423 2132 ejus
1442 2076 1741 2127 thesaurus,
1771 2079 1821 2119 et
1847 2076 1899 2119 in
1919 2076 2024 2120 hoc
2044 2080 2213 2120 totam
2235 2076 2402 2119 vitam

192 2150 245 2191 et
255 2150 335 2191 tot
349 2158 478 2202 opes
492 2148 806 2205 consumsit)
826 2152 918 2192 aut
930 2161 1038 2192 una
1052 2160 1179 2192 cum
1192 2148 1307 2203 ipso
1323 2148 1669 2191 annitendum
1685 2147 1753 2190 ad
1767 2148 2183 2191 maturationem
2197 2147 2398 2202 operis«

191 2218 423 2276 (Kepleri
445 2217 545 2274 Op.
567 2219 689 2263 VIII
708 2232 759 2275 p.
782 2219 869 2263 718
889 2220 1002 2277 sq.).

264 2290 403 2333 Bene
438 2291 632 2334 accidit
666 2291 1045 2335 astronomicae
1082 2291 1389 2346 disciplinae,
1426 2293 1483 2333 ut
1518 2291 1678 2345 paulo
1714 2293 1836 2345 post
1870 2293 2101 2334 mortem
2135 2290 2402 2345 Tychonis

194 2371 382 2405 omnes
402 2361 514 2417 ejus
535 2362 936 2407 observationes
958 2363 1186 2417 Keplero
1208 2361 1535 2414 obvenirent,
1564 2373 1672 2405 non
1698 2362 1874 2405 solum
1899 2362 2017 2405 libri
2037 2361 2107 2404 illi
2128 2361 2403 2415 archetypi

194 2432 423 2476 Hauniae
443 2445 583 2477 nunc
604 2433 879 2495 asservati,
907 2434 961 2477 in
981 2445 1115 2488 quos
1136 2433 1384 2478 omnibus
1404 2433 1648 2477 noctibus
1668 2434 1897 2476 relatum
1918 2436 2047 2485 erat,
2076 2432 2326 2487 quicquid
2351 2433 2403 2474 in

194 2504 330 2547 caelo
345 2507 462 2547 erat
475 2505 835 2558 observatum,
858 2506 954 2549 sed
974 2505 1136 2549 etiam
1151 2505 1459 2559 exemplum
1472 2504 1634 2547 nitide
1646 2504 2056 2559 transscriptum
2070 2504 2403 2547 Vindobonae

194 2586 334 2618 nunc
368 2579 719 2629 asservatum,
751 2576 805 2619 in
837 2588 943 2631 quo
976 2577 1272 2620 secundum
1304 2578 1617 2632 argumenta
1650 2575 1943 2619 distributae
1976 2579 2128 2619 erant
2159 2575 2406 2619 observa-

193 2646 380 2699 tiones,
410 2647 483 2690 ita
510 2650 569 2690 ut
596 2647 718 2691 inde
745 2648 812 2691 ab
841 2659 982 2691 anno
1013 2647 1126 2691 1582
1152 2647 1477 2703 singulorum
1508 2658 1774 2691 annorum
1804 2647 2204 2691 observationes
2234 2646 2407 2690 codici

195 2717 386 2772 cuique
416 2718 680 2763 inessent.¹
716 2719 884 2763 Unius
917 2722 1098 2763 autem
1130 2719 1380 2763 codicum
1414 2718 1848 2773 archetyporum,
1884 2719 1974 2773 qui
2005 2718 2405 2762 observationes

195 2789 429 2833 continet
454 2801 719 2834 annorum
750 2790 997 2842 1596—97,
1028 2790 1306 2834 involucro
1334 2790 1498 2848 (quod
1527 2793 1712 2834 nostra
1741 2801 1870 2833 sane
1899 2792 2058 2833 aetate
2088 2793 2406 2833 renovatum

268 2898 280 2924 ¹
300 2900 427 2934 Anno
451 2898 537 2934 1621
562 2898 617 2941 (d.
631 2899 654 2934 5
668 2909 722 2935 m.
738 2899 861 2942 Nov.)
883 2897 1177 2934 Ferdinandus
1193 2899 1230 2934 11
1247 2899 1476 2943 Imperator
1491 2897 1674 2934 Iohanni
1689 2897 1897 2934 Friderico
1913 2897 2024 2934 Duci
2036 2896 2406 2942 wirtembergensi

195 2956 371 3002 scripsit,
397 2959 443 2993 ut
461 2957 629 2994 codices
649 2958 729 2994 hos
749 2960 959 3003 repeteret.
983 2958 1039 2993 Ex
1059 2958 1140 2995 hac
1159 2957 1342 3003 epistula
1361 2957 1578 2999 discimus,
1606 2957 1831 3003 Keplerum
1852 2957 2089 2993 secundum
2110 2956 2347 3002 pactionem
2371 2966 2405 2990 a.

199 3016 289 3052 1604
314 3027 412 3053 cum
439 3016 661 3054 Francisco
687 3017 944 3063 Tengnagel,
971 3028 1125 3063 genero
1145 3016 1373 3063 Tychonis,
1402 3017 1555 3053 factam
1583 3016 1797 3061 accepisse
1826 3027 1932 3052 »von
1959 3016 2071 3052 allen
2093 3043 2101 3051 .
2123 3043 2131 3051 .
2152 3043 2160 3051 .
2182 3042 2191 3051 .
2211 3015 2406 3051 observa-

194 3074 382 3112 tionibus
397 3076 533 3113 sch6n
543 3077 631 3113 vnd
645 3077 799 3113 sauber
813 3076 1144 3122 abgeschriebne
1154 3077 1242 3113 vnd
1256 3076 1300 3112 in
1312 3076 1395 3112 viel
1409 3076 1595 3113 biiecher
1608 3075 1934 3121 eingebundene
1946 3075 2120 3120 Copien‚
2134 3074 2202 3110 bei
2216 3074 2407 3110 welchen

196 3145 244 3171 ex
269 3134 375 3180 ipsis
401 3136 685 3182 Autographis
712 3136 948 3182 gleichfalls
974 3138 1103 3172 etwas
1130 3135 1440 3182 mitgelauffen«
1474 3135 1572 3179 (vid.
1594 3136 1634 3171 F.
1656 3136 1698 3175 R.
1720 3135 1864 3176 FRIIS,
1890 3136 2032 3170 Breve
2057 3145 2114 3180 og
2136 3134 2410 3179 Aktstykker

196 3196 451 3240 angaaende
473 3196 592 3242 Tyge
610 3196 754 3232 Btahe
773 3207 832 3241 og
848 3197 963 3231 hans
982 3195 1256 3241 Slaegtninge
1277 3194 1482 3240 [Hauniae
1506 3194 1612 3239 1875]
1633 3206 1671 3239 p.
1690 3195 1785 3237 150).
1807 3193 2014 3238 Maiorem
2034 3196 2193 3238 partem
2214 3193 2406 3229 observa-

195 3253 361 3291 tionum
386 3254 619 3300 primarum
643 3253 731 3299 iam
758 3257 854 3291 ante
881 3265 1043 3290 annum
1068 3255 1157 3290 1604
1178 3255 1357 3300 Keplero
1383 3255 1523 3291 datam
1550 3265 1644 3290 esse
1663 3253 1751 3290 veri
1777 3252 1915 3289 simile
1940 3255 2013 3293 est,
2039 3256 2078 3288 et
2103 3264 2149 3288 ex
2169 3252 2348 3297 epistula
2372 3262 2405 3287 a.

201 3313 286 3349 1621
310 3314 418 3355 data,
439 3325 567 3359 quam
588 3313 818 3355 attulimus,
838 3314 881 3350 id
901 3315 1041 3350 solum
1063 3314 1258 3350 effectum
1279 3325 1372 3350 esse
1391 3316 1538 3359 potest,
1558 3316 1604 3349 ut
1622 3313 1860 3357 exemplum
1880 3311 2198 3356 transscriptum
2219 3311 2406 3347 reddere-

197 3375 279 3414 tur:
301 3375 464 3409 constat
482 3376 590 3411 certe
610 3373 777 3410 codices
798 3373 1047 3419 archetypos
1068 3383 1304 3418 numquam
1326 3374 1378 3408 ab
1399 3383 1449 3409 eo
1470 3372 1653 3408 redditos
1674 3383 1778 3408 esse.

341 3432 410 3475 (A)
