2742 4204
1157 314 1286 367 1578
2265 325 2321 377 71

243 452 627 498 DISTANTIAE
648 451 1053 495 STELLARUM
1077 452 1458 496 CASSIOPEAE
1479 455 1671 498 INTER
1692 456 1765 498 SE
1786 457 1864 499 ET
1882 458 2193 504 POLAREM

1053 511 1381 555 STELLAM.

118 599 258 641 Inter
278 596 349 639 IV
368 599 420 640 et
439 596 508 638 XI
1055 594 1105 636 6ο
1138 593 1182 636 4⁴
1418 594 1465 637 V
1485 598 1537 638 et
1555 595 1626 638 VI
2195 603 2321 647 4045¹

117 659 212 701 Per
231 655 469 706 Radium‚
492 655 561 698 ad
583 654 851 697 summum
1055 653 1084 695 6
1139 655 1167 696 5
1419 653 1489 696 VI
1511 657 1563 697 et
1583 655 1653 697 IV
2195 663 2221 703 7
2252 663 2305 705 10

119 717 261 760 Inter
280 716 325 758 ΙΙ
347 717 400 758 et
418 714 512 757 XII
844 766 848 768 ῃ
1056 711 1085 754 4
1110 712 1169 755 56
1261 713 1402 756 Inter
1422 713 1492 755 IV
1513 717 1564 756 et
1585 714 1913 768 Cynosuram
2165 720 2222 762 28
2248 722 2305 764 30

278 775 349 817 1V
368 777 420 817 et
438 773 485 816 V
1057 771 1085 814 3
1111 771 1169 814 29
1263 770 1502 815 Observa
1523 771 1668 815 inter
1682 773 1734 816 II
1751 775 1810 817 et
1829 773 2193 829 cynosuram)

1007 901 1120 944 DIE
1140 901 1168 944 8
1189 901 1439 954 MARTIJ.

116 989 276 1032 Paulo
295 987 408 1043 post
428 986 723 1030 mediatam
743 984 976 1039 primam
996 985 1191 1028 horam
1210 984 1308 1027 fuit
1329 986 1549 1030 altitudo
1571 986 1742 1041 Spicae
1764 987 2058 1032 meridiana
2158 990 2214 1033 25
2252 991 2304 1034 10

1019 1103 1421 1147 DISTANTIAE.

115 1189 296 1234 Pectus
317 1188 373 1247 8
393 1191 444 1232 et
463 1189 644 1244 planta
665 1186 843 1231 finistri
1260 1187 1435 1232 Cornu
1457 1187 1513 1245 8
1533 1188 1719 1232 dexter
1738 1192 1789 1232 et
1809 1190 1996 1234 dextra

647 1247 796 1302 pedis
815 1246 978 1302 Persej
1005 1246 1080 1289 190
1090 1246 1182 1298 28¹,
1641 1260 1833 1292 manus
1853 1249 2135 1306 Erichtonij
2163 1251 2214 1295 13
2246 1252 2327 1299 24}

177 1309 397 1353 obscure
405 1306 958 1362 proptervicinitatem
975 1311 1003 1358 (ζ
1022 1339 1032 1349 .
1261 1306 1394 1350 Haec
1417 1306 1692 1362 erichtonij
1715 1321 1907 1352 manus
1927 1312 1979 1352 et

117 1368 316 1413 Oculus
337 1366 393 1425 8
413 1370 464 1410 et
483 1365 666 1422 pectus
687 1366 919 1410 eiusdem
1032 1365 1060 1408 9
1096 1365 1174 1413 181Γ
1546 1367 1732 1410 dexter
1751 1367 1862 1411 eius
1882 1368 2138 1413 humerus
2188 1371 2214 1413 7
2246 1370 2303 1413 36

115 1428 347 1482 Vterque
368 1426 578 1470 Orionis
597 1426 854 1469 humerus
1032 1426 1059 1468 7
1091 1425 1149 1468 26
1261 1426 1463 1469 Dextra
1483 1438 1675 1469 manus
1690 1427 1973 1483 Erichtonij
1993 1431 2045 1471 et

115 1487 324 1531 Sinister
343 1485 552 1530 Orionis
572 1485 828 1529 humerus
849 1488 901 1528 et
1617 1485 1870 1530 finistrum
1893 1499 2061 1531 cornu
2082 1487 2138 1546 8
2163 1488 2210 1531 11
2275 1489 2328 1535 ol

536 1545 802 1600 postrema
823 1544 980 1600 baltej
1032 1543 1061 1587 9
1121 1543 1150 1587 9
1259 1544 1556 1599 Vtrumque
1577 1556 1744 1589 cornu
1765 1545 1821 1603 8
2188 1549 2215 1591 7
2246 1547 2304 1591 42

116 1606 249 1650 Haec
271 1604 431 1649 baltei
450 1607 503 1649 et
522 1605 708 1648 dexter
727 1604 938 1648 Orionis
1260 1603 1453 1647 Manus
1474 1604 1662 1648 dextra
1682 1605 1964 1661 Erichtonij

724 1664 982 1707 humerus
1031 1662 1060 1706 9
1091 1663 1174 1710 562}
1901 1668 1953 1709 et
1973 1677 2137 1721 capra
2162 1666 2209 1710 ll
2245 1666 2304 1710 49

113 1724 286 1769 Prima
306 1727 358 1768 et
376 1723 642 1768 Postrema
662 1723 819 1779 baltej
1032 1723 1061 1766 2
1091 1722 1150 1766 42
1261 1723 1433 1778 Capra
1454 1726 1506 1767 et
1524 1723 1781 1768 humerus
1802 1725 1986 1769 dexter

115 1785 331 1828 Dexter²
351 1795 519 1828 cornu
537 1783 594 1841 8
613 1786 665 1827 et
684 1784 871 1827 dexter
1854 1784 2136 1841 Erichtonij
2188 1786 2215 1828 7
2246 1786 2327 1833 271}

520 1843 778 1887 humerus
798 1841 991 1886 Ericht.
1018 1841 1072 1886 16
1102 1842 1155 1885 51

988 1961 1102 2005 DIE
1126 1961 1179 2004 15
1201 1961 1451 2014 MARTIJ.

171 2044 209 2105 b
233 2049 285 2090 et
308 2047 356 2102 <3¹
381 2045 642 2089 distabant
667 2045 804 2089 hora
828 2044 858 2088 4
884 2058 917 2089 a
943 2045 1121 2089 media
1147 2044 1303 2090 noc‘te
1328 2045 1382 2089 in
1407 2045 1679 2090 latitudine
1707 2047 2162 2101 quemadmodum
2189 2046 2326 2090 visus

113 2105 383 2150 indicabat
407 2105 424 2148 1
449 2118 495 2161 g.
517 2105 545 2149 3
566 2117 637 2148 m.
1023 2105 1091 2148 N.
1102 2105 1166 2148 B.
1186 2106 1223 2161 21
1243 2104 1397 2149 iuxta
1421 2111 1462 2157 ὁ)
1487 2104 1653 2159 Solis,
1675 2104 1779 2149 fuit
1795 2105 1850 2149 in
1874 2112 1914 2157 <9
1937 2105 2026 2149 die
2046 2105 2107 2149 20
2124 2105 2323 2161 Martij.

988 2237 1101 2280 DIE
1126 2237 1180 2280 17
1200 2237 1451 2289 MARTIJ.

176 2319 326 2364 Hora
343 2319 372 2363 6
392 2332 463 2363 m.
484 2319 538 2363 10
559 2333 591 2363 a
611 2319 832 2364 meridie
853 2332 978 2365 cum
999 2320 1121 2365 esset
1134 2327 1179 2372 Θ
1197 2332 1365 2376 prope
1384 2320 1722 2365 horizontem
1742 2320 2028 2365 occiduum
2050 2321 2326 2365 obseruaui

114 2379 365 2423 Sextante
385 2379 710 2423 diametrum
730 2380 842 2424 eius
861 2380 1032 2424 visum
1052 2380 1152 2425 esse
1173 2381 1542 2436 scrupulorum
1562 2380 1859 2435 primorum
1878 2380 1951 2424 30.

448 2462 850 2507 DISTANTIAE.
1259 2463 1477 2519 Algenib
1499 2467 1552 2507 et
1571 2464 1819 2507 dextrum
1839 2475 2007 2508 cornu
2028 2463 2084 2521 8
2157 2463 2326 2507 23047‘

116 2522 332 2578 Algenib
353 2522 516 2578 Persej
538 2525 590 2566 et
609 2534 776 2579 capra
1018 2523 1186 2571 180532}
1262 2524 1380 2568 Hoc
1402 2535 1571 2568 cornu
1592 2522 1648 2581 8
1668 2526 1721 2567 et
1740 2534 1906 2578 capra
2162 2523 2214 2567 13
2250 2523 2329 2571 193

117 2605 319 2649 Lucida
338 2605 530 2661 hydrae
550 2606 634 2651 die
658 2606 712 2650 18
733 2606 935 2663 Martij²
955 2607 1140 2651 habuit
1165 2607 1495 2651 altitudinem
1516 2606 1870 2650 meridianam
2158 2607 2215 2650 27
2251 2606 2304 2650 16

449 2689 850 2735 DISTANTIAE.
1261 2691 1441 2735 Castor
1460 2694 1512 2734 et
1530 2691 1712 2735 Pollux
2185 2690 2214 2733 4
2244 2690 2327 2738 242}

116 2747 325 2793 Sinister
345 2749 556 2794 Orionis
575 2750 831 2795 humerus
1260 2752 1354 2795 Per
1368 2750 1590 2794 Radium
1610 2761 1740 2794 vero
1761 2750 1953 2793 eadem
1968 2749 2151 2794 distan-

660 2813 712 2854 et
732 2811 919 2854 oculus
940 2810 996 2868 8
1021 2811 1073 2854 15
1105 2811 1163 2854 53
1515 2810 1589 2853 tia
1609 2809 1882 2865 diligenter
1901 2812 2059 2864 capta
2079 2809 2150 2853 est
2186 2809 2214 2852 4
2245 2809 2303 2852 28

117 2867 272 2911 Canis
291 2867 467 2913 minor
486 2871 539 2913 et
557 2870 740 2913 Pollux
1015 2871 1074 2913 22
1105 2870 1164 2914 40
1262 2870 1441 2914 Castor
1461 2873 1512 2913 et
1532 2869 1786 2913 sinistrum
1807 2880 1976 2913 cornu
1996 2868 2052 2926 8
2158 2869 2216 2912 27
2246 2869 2303 2912 43

115 2927 298 2971 Pollux
317 2930 370 2972 et
388 2928 565 2973 lucida
583 2929 734 2984 pedis
753 2929 944 2985 gemin.
1263 2930 1381 2974 Hoc
1403 2941 1572 2973 cornu
1592 2932 1644 2973 et
1664 2928 1857 2972 finister
1875 2940 1968 2983 pes

840 2989 993 3033 austr.
1022 2989 1075 3032 19
1106 2990 1163 3033 25
1718 2988 1924 3032 austral.
1947 2987 2135 3043 gemin.
2157 2987 2216 3031 20
2251 2987 2330 3034 10⁴1

117 3045 298 3091 Castor
316 3049 368 3091 et
386 3047 564 3092 lucida
580 3048 730 3104 pedis
1016 3048 1076 3092 20
1136 3048 1165 3092 9

122 3152 197 3196 12¹¹
216 3153 316 3197 35¹¹*
334 3154 534 3210 Accepi
553 3155 883 3200 altitudinem
904 3156 1077 3211 Spicae
1098 3155 1165 3213 m>
2156 3153 2214 3196 25
2251 3152 2328 3199 102}

340 3215 378 3269 η
402 3214 627 3259 distabat
646 3228 679 3259 a
699 3215 857 3271 Spica
876 3215 930 3259 in
950 3215 1318 3260 antecedentia
2187 3211 2215 3255 9
2246 3210 2304 3255 38

179 3333 190 3358 ¹
213 3337 341 3370 Postea
353 3347 376 3369 a
388 3339 569 3378 Tychone
582 3339 761 3372 additum.

177 3381 193 3406 ²
214 3384 275 3417 Sic
289 3385 327 3417 in
342 3386 485 3418 codice.
