2742 4204
630 402 1402 467 OBSERUATIONES
1454 410 1697 469 ANNI
1736 411 1909 471 1584.

811 530 1470 586 OBSERUATIONES
1497 534 1728 587 SOLIS.

444 622 556 665 DIE
576 622 605 664 4
620 622 648 674 J
652 621 937 674 ANUARIJ
944 655 953 665 .

165 693 397 736 Altitudo
417 699 462 744 Ε)
482 693 792 737 meridiana.

165 753 260 796 Per
278 752 339 804 Q.
361 752 576 796 Tichon.
800 751 984 799 12⁰43÷⁴

165 813 258 855 Per
277 811 337 863 Q.
359 813 551 855 Portat.
801 812 855 854 12
885 812 1026 867 4241,

163 872 257 915 Per
275 871 414 915 sext.
437 871 567 927 Trig.
800 871 853 914 12
883 859 1166 923 42÷1¹¹²⁰m⁸²

442 978 555 1020 DIE
575 979 602 1020 5
619 977 953 1030 JANUARIJ.

162 1050 255 1093 Per
276 1048 336 1100 Q.
358 1049 574 1092 Tichon.
997 1050 1050 1092 12
1082 1050 1140 1092 54

161 1109 256 1152 Per
275 1108 335 1160 Q.
359 1109 549 1152 Portat.
998 1109 1050 1152 12
1081 1109 1140 1152 54

161 1168 255 1211 Per
275 1167 414 1211 Sext.
437 1168 568 1223 Trig.
994 1169 1047 1211 12
1078 1169 1160 1215 53}

357 1228 480 1270 Erat
500 1227 750 1282 exquifite
771 1228 1029 1271 serenum.

443 1335 554 1377 DIE
575 1334 604 1378 6
619 1334 951 1387 JANUARIJ.

163 1406 258 1449 Per
278 1405 338 1457 Q.
362 1405 552 1449 Mural.
998 1407 1050 1450 13
1112 1409 1140 1450 5

163 1465 256 1509 Per
276 1464 337 1517 Q.
359 1466 551 1510 Portat.
997 1467 1050 1510 13
1112 1468 1139 1509 5
1177 1466 1230 1510 10

444 1573 558 1615 DIE
576 1572 605 1616 9
619 1573 952 1625 JANUARIJ.

162 1643 257 1686 Per
276 1642 336 1695 Q.
360 1643 550 1688 Mural.
997 1645 1049 1688 13
1081 1644 1140 1688 40
1171 1645 1230 1688 30

423 1739 537 1782 DIE
555 1739 582 1783 3
604 1739 967 1792 FEBRUARIJ.

162 1808 273 1852 Per
341 1842 351 1852 .
379 1810 600 1854 Tichon.
991 1811 1051 1855 20
1081 1811 1159 1858 343

161 1868 273 1911 Per
341 1901 351 1912 .
373 1869 573 1914 Por-tat.
989 1871 1050 1915 20
1080 1871 1163 1919 34}

160 1929 255 1971 Per
275 1929 413 1972 Sext.
436 1930 566 1985 Trig.
990 1931 1049 1974 20
1079 1931 1163 1979 33}

221 2000 514 2045 Discrimen
548 2002 615 2046 ab
648 2002 751 2046 alio
782 2003 1086 2057 pinnacidio
1119 2015 1228 2048 non

162 2059 281 2162 sell’ctis
293 2061 542 2115 exquifite
553 2060 845 2106 rectificato
855 2063 1226 2106 ascribendum

161 2130 189 2162 e
236 2152 245 2162 .

421 2168 532 2210 DIE
552 2167 581 2211 4
602 2168 964 2222 FEBRUARIJ.

159 2237 253 2281 Per
273 2238 334 2290 Q.
355 2238 571 2283 Tichon.
989 2242 1047 2285 20
1078 2242 1159 2289 54³2*

159 2297 254 2340 Per
273 2297 334 2349 Q.
356 2299 547 2342 Portat.
989 2301 1048 2344 20
1078 2302 1161 2349 54⁷}

420 2394 532 2437 DIE
552 2396 580 2437 5
601 2395 963 2449 FEBRUARIJ.

159 2464 253 2507 Per
273 2464 333 2516 Q.
355 2465 571 2509 Tichon.
987 2468 1040 2511 21
1083 2469 1134 2511 15

157 2523 252 2567 Per
271 2524 332 2576 Q.
354 2526 547 2570 Portat.
987 2528 1040 2571 21
1082 2529 1134 2571 15

218 2595 509 2651 Vtrobique
526 2597 621 2640 fuit
635 2599 910 2652 paululum
930 2599 1120 2652 mInus‚
1137 2600 1224 2644 sed

158 2655 301 2708 quod
321 2656 410 2698 vix
429 2656 592 2710 posset
612 2657 848 2701 discerni.

400 2764 513 2807 DIE
537 2764 590 2808 13
612 2764 976 2818 FEBRUARIJ.

156 2833 251 2876 Per
269 2833 330 2885 Q.
352 2834 566 2879 Tichon.
986 2837 1045 2881 24
1104 2837 1155 2883 4}

156 2892 251 2936 Per
270 2892 330 2945 Q.
352 2895 544 2939 Portat.
985 2897 1045 2940 24
1104 2899 1132 2940 5

216 2952 526 2998 Obseruatio
564 2954 706 2998 fad-ta
743 2968 839 3011 per
874 2956 1221 3001 Tichonicum

156 3022 262 3054 non
295 3012 391 3056 fuit
423 3014 543 3058 satis
575 3015 843 3070 exquisita,
874 3028 1046 3071 neque
1079 3018 1220 3060 enim

156 3074 270 3114 erat
291 3072 585 3117 admodum
606 3075 864 3119 serenum.

399 3180 510 3223 DIE
531 3181 583 3224 21
610 3182 973 3234 FEBRUARIJ.

155 3248 249 3292 Per
268 3249 328 3301 Q.
350 3251 566 3296 Tichon.

155 3308 250 3351 Per
269 3308 330 3361 Q.
351 3311 543 3355 Portat.

217 3368 336 3412 Non
355 3374 470 3413 erat
490 3371 611 3415 satIs
631 3371 887 3417 serenum.

983 3255 1041 3298 27
1102 3255 1154 3302 3}

983 3314 1041 3357 27
1103 3315 1132 3357 4

2266 337 2370 391 289

1552 628 1664 670 DIE
1684 627 1742 670 29
1763 628 2123 682 FEBRUARIJ.

1303 697 1397 740 Per
1418 697 1478 748 Q.
1501 698 1716 742 Tichon.
2133 704 2190 747 30
2228 706 2279 748 10
2294 714 2369 745 fece

1304 756 1398 798 Per
1417 757 1607 801 Portat.
2134 763 2192 806 30
2253 764 2281 807 9
2312 765 2370 807 50

1305 815 1615 860 Observatio
1636 818 1810 871 prima
1831 818 1972 862 facta
1993 832 2088 874 per

1586 876 1893 920 sextantem
1914 890 2114 923 novum
2134 881 2192 924 30
2229 882 2281 925 10

1619 983 1732 1025 DIE
1758 984 1774 1026 1
1803 985 2053 1037 MARTIJ.

1304 1047 1398 1089 Per
1418 1046 1478 1098 Q.
1501 1047 1717 1093 Tichon.
2135 1052 2193 1095 30
2224 1054 2280 1096 33
2317 1055 2370 1097 10

1304 1106 1397 1149 Per
1416 1106 1608 1149 Portat.
2134 1112 2192 1154 30
2223 1113 2280 1155 33
2312 1113 2370 1156 30

1303 1165 1398 1208 Per
1418 1165 1727 1210 Sextantem
2133 1171 2192 1214 30
2223 1172 2279 1214 33
2317 1173 2369 1215 15

1364 1224 1484 1269 Non
1505 1229 1621 1269 erat
1641 1227 1890 1281 exquifite
1912 1231 2167 1273 serenum.

1620 1334 1732 1376 DIE
1754 1336 1780 1376 5
1803 1335 2051 1387 MARTIJ.

1302 1398 1398 1441 Per
1418 1397 1478 1450 Q.
1501 1398 1716 1442 Tichon.
2133 1403 2191 1446 32
2254 1405 2279 1446 7
2311 1405 2369 1447 40

1303 1457 1398 1500 Per
1417 1458 1609 1501 Portat.
2133 1462 2192 1506 32
2254 1464 2280 1505 7
2312 1464 2370 1506 38

1304 1517 1398 1560 Per
1419 1517 1558 1560 Sext.
1582 1530 1785 1562 nouum
2134 1522 2191 1564 32
2254 1524 2279 1565 7
2312 1523 2369 1565 45

1607 1612 1719 1655 DIE
1745 1614 1791 1656 ll
1821 1615 2069 1668 MARTIJ.

1303 1685 1397 1727 Per
1417 1683 1477 1736 Q.
1499 1684 1714 1728 Tichon.
2134 1688 2193 1732 34
2223 1689 2282 1732 29
2313 1690 2371 1733 50

1303 1745 1397 1786 Per
1417 1743 1477 1795 Q.
1501 1745 1691 1787 Portat.
2133 1748 2192 1791 34
2222 1749 2281 1791 29
2311 1749 2369 1792 50

1302 1804 1397 1847 Per
1417 1803 1477 1855 Q.
1502 1803 1784 1847 minimum
2132 1807 2191 1850 34
2221 1808 2281 1852 30

1302 1864 1396 1906 Per
1416 1863 1555 1906 Sext.
1578 1874 1780 1906 nouum
2132 1867 2191 1910 34
2222 1867 2280 1911 30

1362 1933 1487 1977 Fuit
1498 1935 1746 1989 apprime
1761 1934 2027 1989 serenum,
2040 1938 2183 1981 vnde
2197 1937 2368 1982 fidere

1297 1994 1462 2048 potes
1480 1993 1572 2037 his
1593 1994 2073 2040 obseruationibus.

1362 2053 1474 2095 Pet
1489 2053 1737 2108 Regulas
1757 2055 1921 2098 etiam
1948 2056 2142 2099 eodem
2167 2056 2255 2100 die
2278 2057 2370 2101 ob-

1300 2111 1665 2166 seruauimuS,
1712 2114 2138 2170 inuenimusque
2182 2128 2369 2160 nume-

1301 2183 1419 2215 rum
1460 2173 1694 2216 indicari
1734 2173 1921 2226 164874,
1956 2175 2048 2218 cui
2083 2175 2373 2230 respondet

1301 2242 1375 2274 ex
1398 2232 1579 2275 tabula
1600 2232 1808 2276 [Inuum
1832 2234 1956 2277 ejus
1975 2235 2191 2278 numeri
2210 2235 2368 2279 dimi-

1302 2291 1450 2334 d1’um
1480 2291 1631 2335 82437
1658 2292 1717 2335 34
1746 2292 1844 2340 28ὲ.
1869 2292 1983 2337 Sed
2008 2295 2214 2348 regulae
2239 2306 2367 2339 non-

1301 2351 1429 2394 dum
1453 2353 1610 2395 erant
1625 2351 1756 2395 [atis
1775 2351 2101 2406 rectificatae,
2116 2353 2241 2408 quia
2259 2354 2365 2398 hoc

1299 2410 1412 2465 ipso
1433 2411 1522 2454 die
1538 2411 1680 2466 prim
1689 2423 1775 2455 um
1794 2412 1981 2466 positae
2002 2414 2160 2456 erant
2179 2413 2366 2458 versus

1300 2470 1602 2514 meridiem.

1602 2555 1714 2598 DIE
1740 2556 1792 2598 14
1814 2556 2062 2608 MARTIJ.

1297 2614 1391 2656 Per
1411 2613 1471 2665 Q.
1494 2614 1709 2658 Tichon.
2126 2616 2183 2659 35
2215 2616 2273 2659 40
2310 2617 2362 2659 10

1296 2674 1391 2716 Per
1410 2674 1601 2717 Portat.
2125 2676 2183 2718 35
2215 2675 2273 2718 40
2334 2678 2361 2719 5

1295 2733 1390 2776 Per
1411 2733 1694 2777 Minimum
2127 2735 2184 2778 35
2216 2735 2274 2778 40

1296 2793 1389 2836 Per
1409 2793 1548 2836 Sext.
1572 2805 1774 2837 nouum
2126 2794 2183 2837 35
2215 2795 2267 2837 41

2097 2868 2174 2890 non
2192 2859 2362 2899 exquifita

1295 2912 1390 2955 Per
1411 2912 1630 2966 Regulas
1654 2911 1842 2964 162475,
1864 2913 1998 2967 resp.
2126 2913 2184 2955 35
2215 2913 2273 2956 40
2309 2913 2361 2955 18

1356 2972 1478 3014 Erat
1500 2972 1840 3015 mediocriter
1869 2972 2130 3023 serenum,
2151 2978 2195 3023 Θ
2220 2972 2360 3016 enim

1295 3030 1429 3074 inter
1439 3035 1772 3075 recurrentes
1784 3032 1951 3075 nubes
1963 3032 2357 3075 obseruabatur.

1599 3127 1710 3169 DIE
1730 3127 1788 3169 22
1811 3126 2060 3178 MARTIJ.

1294 3197 1389 3240 Per
1409 3197 1468 3249 Q.
1491 3197 1706 3241 Tichon.
2123 3196 2180 3240 38
2212 3197 2270 3240 46
2300 3198 2357 3240 50

1294 3257 1388 3299 Per
1410 3256 1550 3299 Sext.
1573 3268 1774 3300 nouum
2120 3256 2178 3299 38
2209 3256 2286 3302 46¹}

1294 3317 1499 3418 ωξῐῐιιῒὲἇ
1537 3319 1868 3360 recurrentes
1909 3316 2076 3359 nubes
2118 3316 2357 3359 obserua-

2171 3464 2211 3493 37
