2756 4204
469 350 537 399 66
1114 364 1116 366 ’
1484 346 1610 399 1578

1215 483 1340 526 DIE
1355 483 1415 526 22
1432 481 1869 527 DECEMBRIS.

524 553 689 596 Mane
707 553 837 596 hora
853 554 903 600 6³}
919 552 1030 595 vidi
1048 554 1190 606 quod
1201 554 1237 607 ⁷4
1249 553 1537 596 admodum
1560 554 1677 595 erat
1687 551 2024 606 propinquus
2042 549 2289 593 lucidiori
2307 552 2363 593 et
2378 551 2627 596 meridio-

469 611 662 654 naliori
678 611 879 654 lancis:
892 610 1116 654 distabat
1132 611 1274 653 enim
1297 610 1364 653 ab
1379 611 1482 653 hac
1498 610 1682 653 [altem
1704 609 1926 652 minutis
1939 609 1998 651 50
2018 607 2202 651 versus
2218 607 2451 662 boream,
2466 609 2627 664 idque

469 670 523 712 in
539 680 605 712 ea
621 669 766 712 linea
781 680 901 723 quae
916 669 1168 711 ducitura
1183 667 1318 711 dieta
1333 667 1480 711 stella
1501 668 1554 710 in
1575 666 1853 711 aretur-um.
1869 667 2022 710 Bona
2037 665 2347 719 obseruatio,
2362 665 2470 710 fide
2485 667 2626 720 huic,

470 727 555 770 bis
575 727 855 770 obseruaui
872 727 1031 769 idem.

473 786 519 827 7h
547 785 899 828 8¹”Distabant
916 785 1105 828 eodem
1128 784 1287 827 modo
1307 783 1528 826 minutis
1548 782 1605 826 48
1625 782 1724 835 bis,
1742 793 1847 836 per
1863 781 2197 825 sextantem.

473 844 501 886 7
521 843 574 886 18
1550 840 1609 883 49
1626 840 1806 892 semel,
1823 850 1929 893 pez·
1944 839 2278 883 sextantem.

470 903 498 944 6
515 900 574 944 42
620 900 859 943 Distabat
883 906 911 951 (ζ
939 912 971 943 a
999 900 1163 954 spica
1189 900 1243 942 in
1270 898 1645 942 antecedentia
1673 898 1728 940 in
1755 898 1946 940 eadem
1975 908 2096 940 cum
2124 908 2190 940 ea
2213 897 2492 941 latitudine
2520 898 2628 941 visa

704 959 852 1012 grad.
872 959 902 1000 2
920 959 993 1000 M.
1008 958 1066 1000 25
1695 954 1972 1000 Subtratfia
1992 955 2205 1009 [emper
2215 966 2315 1009 pro
2330 955 2603 1010 parallaxi

471 1018 499 1060 6
517 1017 598 1064 58}
616 1016 855 1059 Distabat
875 1016 905 1058 2
1008 1016 1063 1058 21
1671 1013 2000 1056 instrumenti
2016 1013 2047 1055 2
2063 1024 2134 1056 m.
2157 1012 2418 1067 Superior
2427 1024 2560 1068 pars
2587 1020 2615 1065 (ζ

473 1076 501 1117 7
517 1074 575 1118 58
623 1074 847 1117 distabat
872 1075 903 1116 2
1035 1073 1064 1116 8
1739 1071 1928 1115 habuit
1944 1071 2173 1114 eandem
2194 1071 2545 1115 latitudinem.

1355 1177 1739 1220 DECEMBRIS¹

472 1249 567 1293 Die
586 1250 642 1292 25
673 1249 902 1292 Altitudo
923 1248 1156 1291 maxima
1177 1248 1331 1291 stellae
1351 1247 1543 1290 Polaris
1563 1246 1657 1289 fuit
2452 1245 2530 1288 58ο
2549 1245 2628 1288 56’

471 1308 567 1351 Die
585 1307 643 1350 29
673 1308 868 1350 Eadem
889 1306 1206 1360 deprehensa
1226 1306 1295 1348 est
2453 1303 2510 1346 58
2550 1303 2607 1346 56

471 1366 567 1408 Die
585 1366 637 1408 31
672 1365 901 1408 Altitudo
921 1365 1108 1407 eadem
1127 1364 1223 1406 fuit
2453 1361 2511 1403 58
2549 1362 2630 1407 55⁴}

531 1473 541 1496 ¹
564 1477 633 1507 Hae
647 1475 920 1507 obseruationes
930 1474 1035 1506 stellae
1046 1474 1181 1514 polaris
1195 1474 1421 1514 reperiuntur
1429 1473 1467 1504 in
1479 1473 1607 1505 codice
1617 1474 1663 1504 ad
1674 1474 1785 1504 finem
1800 1472 1917 1503 »Libri
1927 1472 2204 1503 distantiarum«.
2214 1473 2247 1502 A
2256 1472 2364 1503 Petro
2370 1472 2391 1511 J
2394 1470 2502 1502 neubi
2511 1471 2631 1503 Flem-

469 1522 543 1553 lofe
557 1522 732 1561 discipulo
746 1521 932 1560 Tyehonis
946 1520 1048 1553 fassae
1062 1521 1153 1552 funt.
