2742 4204
392 263 483 314 198
1074 272 1159 314 DE
1180 270 1602 315 OPPOSITIONE
1623 271 1862 313 MARTIS

393 398 542 440 iuxta
566 397 1013 451 Alphonlinorum
1041 399 1308 441 calculum
1340 397 1453 450 1.35,
1481 397 1695 451 superat
1716 397 1896 451 itaque
1920 396 2204 451 Copernici
2226 398 2360 441 ratio
2380 400 2436 441 et
2449 399 2547 442 Al-

388 454 648 508 phonlina
669 454 854 498 deficit
869 457 925 499 et
942 455 1235 499 obseruatio
1255 455 1330 498 est
1347 455 1493 509 quali
1511 454 1853 507 intermedia;
1871 455 1982 508 ipsa
2008 454 2303 499 obseruatio
2324 467 2429 499 vno
2447 456 2546 500 lal-

394 515 498 556 tem
518 513 763 567 scrupulo
778 514 999 567 propior
1017 513 1327 567 Copernico.

450 571 536 613 Ex
555 571 644 613 his
663 572 1108 615 antecedentibus
1128 570 1584 615 obseruationibus
1608 572 1675 625 (30,
1691 569 1985 624 prael'ertirn
2008 570 2095 612 die
2119 570 2178 612 26
2197 572 2253 614 et
2268 571 2327 614 30
2347 572 2546 615 habitis

392 628 662 682 colligitur
677 630 818 683 quod
846 636 884 680 ὁ)
914 629 1062 673 Solis
1079 629 1368 672 secundum
1392 627 1512 670 eius
1531 629 1732 670 motum
1754 627 1991 670 medium
2014 628 2085 670 ad
2102 627 2331 671 Martem
2353 640 2457 683 quo
2477 631 2547 673 ad

393 686 514 729 eius
530 698 714 729 verum
731 687 935 730 cursum
958 686 1119 729 fuerit
1134 685 1269 730 facia
1283 685 1386 728 Die
1398 685 1457 728 28
1469 686 1534 728 Η,
1554 686 1629 731 11}
1639 684 1756 739 post
1773 684 2070 738 meridiem,
2086 686 2194 728 i'ole
2207 687 2387 730 medio
2400 689 2545 731 motu

396 746 469 786 160
484 744 557 787 470
572 750 631 797 z,
653 745 827 788 Marte
851 756 977 788 vero
996 746 1142 788 motu
1166 746 1220 787 16
1249 744 1308 786 47
1325 748 1381 795 63>
1402 743 1687 786 obtinente.
1708 742 1879 786 Nam:

621 826 794 869 Motus
815 827 1016 870 medius
1041 832 1085 876 Θ
1539 823 1714 867 Motus
1738 825 1785 879 (ζ’
1808 836 1963 868 verus

394 885 474 926 Ad
494 885 633 927 diem
651 883 709 926 26
729 886 919 939 compl.
975 884 1047 926 140
1057 884 1129 926 500
1174 884 1235 926 000
1250 888 1284 934 z
1638 882 1852 933 17037095

395 943 536 985 circa
556 942 693 984 med.
715 884 1027 997 nocstem}18
1057 941 1115 983 46
1149 942 1196 983 ll
1250 945 1284 991 z
1637 940 1688 981 15
1719 940 1776 982 56
1796 944 1852 991 οἷς,
2457 949 2477 979 3
2503 950 2546 979 ⁵⁶

673 1012 976 1054 Differentia
995 1012 1022 1054 3
1052 1011 1110 1053 56
1667 1010 1684 1051 1
1721 1009 1772 1051 41
2304 996 2476 1083 summ}
2504 996 2546 1083 ἓξ

393 1095 441 1135 50
450 1094 523 1136 370
533 1094 659 1135 dant
670 1094 737 1144 40,
754 1096 880 1146 quot
893 1094 1018 1135 dant
1035 1092 1085 1134 20
1093 1092 1183 1135 470.
1196 1092 1434 1134 Prouenit
2267 1097 2548 1130 differentiarum

396 1151 457 1218 1).
478 1152 495 1192 1
522 1151 590 1193 M.
606 1151 677 1217 59,
694 1163 796 1204 quo
816 1154 1053 1203 tempore
1068 1150 1244 1193 addito
1259 1149 1433 1202 priori,
2438 1146 2478 1222 {1
2504 1146 2548 1222 gg

395 1209 662 1276 innotescit
679 1212 886 1262 tempus
902 1214 941 1258 ὁ)
958 1208 1019 1250 D.
1035 1207 1092 1274 23
1113 1207 1176 1251 H.
1197 1207 1273 1253 1Ιέ
1282 1219 1331 1260 Ρ.
1349 1219 1436 1273 mt’
2061 1237 2272 1268 Differentia
2458 1251 2478 1280 2
2505 1250 2547 1280 4⁷

396 1279 479 1309 cui
505 1270 792 1320 congruunt
818 1269 992 1308 motus
1016 1277 1158 1319 prius
1184 1268 1432 1308 annotati.
2018 1288 2188 1314 motuum
2201 1283 2259 1315 die
2273 1285 2316 1315 2⁶

452 1347 631 1400 Atque
650 1358 723 1389 ex
742 1347 845 1389 hac
866 1345 1231 1389 obseruatione
1249 1347 1296 1400 0’¹
1317 1345 1371 1387 in
1400 1351 1439 1395 ὁ)
1455 1351 1500 1396 Θ
1519 1346 1715 1389 collata
1735 1356 1856 1388 cum
1880 1346 2091 1389 duabus
2105 1346 2260 1400 prius
2280 1347 2480 1390 habitis
2498 1348 2555 1390 et

394 1404 634 1447 similiter
648 1405 715 1447 ab
735 1403 1150 1447 anteceBoribus
1169 1402 1323 1446 factis
1342 1403 1464 1446 eius
1481 1404 1662 1446 motus
1680 1403 1975 1447 restituitur.

455 1499 628 1540 Locus
651 1500 698 1552 ἅ
723 1498 1062 1551 scrupulosius
1082 1500 1134 1539 et
1157 1495 1339 1540 exadte
1367 1497 1533 1550 magis
1558 1497 1860 1551 supputatus
1881 1498 1949 1540 ad
1969 1498 2122 1540 Diem
2141 1499 2198 1541 30
2218 1499 2343 1541 Dec.
2368 1498 2431 1541 H.
2448 1498 2548 1541 8.30

395 1558 441 1598 P.
460 1556 529 1598 Μ.
545 1556 597 1598 in
617 1556 883 1598 altitudine
901 1556 1184 1608 aequatoris
1196 1555 1367 1601 34053‘.
1385 1554 1449 1597 H.
1465 1554 1549 1597 8.3
1570 1555 1805 1598 distantia
1823 1557 1870 1611 ἅ
1890 1556 1956 1598 ab
1973 1556 2217 1599 inferiore
2235 1557 2369 1610 pede
2382 1557 2552 1600 Erich-

394 1614 517 1668 tonij
533 1614 590 1656 29
625 1614 715 1664 133,
732 1615 987 1667 daturque
1007 1625 1071 1656 ex
1086 1613 1353 1655 altitudine
1374 1613 1664 1656 meridiana
1682 1615 1729 1669 d*
1747 1614 1799 1655 in
1814 1614 2081 1658 altitudine
2100 1615 2382 1668 aequatoris
2395 1615 2453 1657 34
2483 1616 2549 1666 δὲ,

395 1672 670 1714 declinatio
701 1673 748 1726 d*
777 1672 834 1714 26
864 1672 966 1723 373,
994 1671 1271 1714 declinatio
1297 1682 1425 1714 vero
1450 1671 1707 1715 inferioris
1732 1672 1878 1725 pedis
1903 1672 2180 1728 Erichtonij
2209 1673 2278 1716 est
2302 1672 2360 1715 28
2419 1672 2447 1715 9
2476 1673 2549 1724 30,

395 1731 569 1783 itaque
589 1742 682 1783 per
706 1730 774 1771 IX
798 1730 1003 1783 Dogma
1029 1730 1183 1772 datur
1208 1729 1501 1772 differentia
1525 1730 1845 1773 Ascenfionis
1872 1729 2040 1774 Red'tae
2063 1732 2111 1786 ὅ
2135 1734 2186 1774 et
2210 1731 2356 1784 pedis
2382 1731 2553 1774 Erich-

393 1789 516 1843 tonij
537 1788 615 1830 320
625 1788 696 1830 580
716 1788 819 1838 1400,
835 1800 955 1841 quae
975 1788 1151 1830 addita
1172 1788 1240 1830 ad
1258 1787 1370 1830 Asc.
1390 1786 1601 1831 Rectam
1620 1788 1766 1842 pedis
1792 1788 2069 1843 Erichtonij
2090 1789 2168 1831 740
2177 1789 2249 1832 590
2269 1789 2355 1832 1200
2369 1792 2552 1832 notam

394 1846 594 1899 praebet
619 1846 730 1888 Asc.
759 1844 969 1889 Recstam
993 1847 1041 1900 ἅ
1074 1845 1177 1888 1070
1191 1846 1264 1888 570
1279 1845 1387 1888 2600.
1411 1845 1701 1901 Longitudo
1727 1857 1854 1890 vero
1880 1850 1932 1890 et
1957 1847 2202 1890 Latitudo
2232 1849 2279 1903 <3¹
2309 1848 2376 1890 fic
2400 1847 2554 1890 datur

393 1904 609 1960 (Declin.
631 1916 770 1947 max.
798 1910 843 1954 Θ
867 1903 1064 1960 230310).

393 1972 643 2016 Punctum
663 1975 818 2016 culm.
1140 1973 1295 2016 160330
1315 1974 1367 2016 15
1381 1978 1437 2025 ⁶3
1509 1975 1636 2029 Ang.
1658 1975 1830 2018 inclin.
1851 1975 1921 2018 ad
1940 1986 2068 2018 mer.
2253 1975 2310 2018 82
2340 1975 2398 2019 56
2457 1975 2486 2018 0

395 2032 591 2074 Declin.
615 2032 724 2074 eius
1135 2032 1194 2074 22
1223 2031 1281 2074 29
1316 2032 1421 2075 10B
1511 2033 1756 2077 Latitudo
1781 2034 1829 2089 <3⁸
2281 2033 2310 2076 4
2369 2033 2398 2076 6
2426 2033 2537 2076 27Β

396 2090 591 2133 Declin.
618 2091 666 2144 (3·
1136 2090 1195 2133 26
1224 2090 1281 2133 37
1311 2090 1421 2133 30B
1511 2091 1632 2134 Diff.
1654 2091 1827 2146 longit.
1849 2091 2004 2136 subtr.
2282 2092 2311 2134 0
2340 2091 2398 2135 30
2427 2091 2486 2134 30

395 2148 574 2191 Differ.
597 2148 781 2191 declin.
1163 2149 1193 2191 4
1252 2148 1280 2191 8
1310 2149 1368 2191 20
1512 2150 1804 2205 Longitudo
1828 2151 1876 2205 (3¹
2258 2149 2311 2193 16
2369 2150 2398 2192 2
2426 2149 2554 2201 4559

448 2241 598 2284 Nota.
613 2242 851 2285 Ascensio
868 2240 1020 2285 Recta
1039 2242 1186 2296 pedis
1199 2242 1476 2298 Erichtonij
1496 2243 1707 2286 inuenta
1721 2242 1791 2286 est
1810 2255 1876 2286 ex
1889 2243 2126 2287 distantia
2139 2243 2249 2286 eius
2263 2255 2295 2286 a
2309 2243 2469 2286 corde
2483 2242 2553 2300 Ω,

396 2311 515 2353 quae
535 2300 809 2343 obseruata
830 2300 899 2343 est
917 2299 974 2342 67
1004 2300 1100 2351 2021,
1116 2301 1488 2355 praesuppofita
1507 2301 1854 2345 declinatione
1874 2302 2047 2356 Reguli
2069 2301 2121 2345 13
2152 2301 2210 2344 58
2239 2301 2312 2352 30,
2333 2305 2385 2345 et
2404 2301 2556 2344 decli-

395 2359 604 2401 natione
617 2359 762 2411 pedis
773 2359 1050 2413 Erichtonij
1065 2358 1122 2401 28
1150 2358 1178 2401 9
1204 2359 1262 2402 30
1274 2363 1431 2413 prout
1443 2360 1640 2403 dabant
1653 2360 1946 2404 altitudines
1959 2359 2265 2403 meridianae
2279 2359 2552 2403 stellarum.

395 2417 496 2459 Sed
515 2416 856 2470 scrupulosius
874 2418 1209 2471 procedendo
1231 2428 1353 2460 curn
1371 2418 1607 2461 distantia
1621 2418 1794 2461 cordis
1809 2417 1863 2476 ,Ω
1877 2421 1929 2462 et
1942 2418 2098 2461 lucidi
2117 2418 2262 2472 pedis
2277 2417 2553 2471 Erichtonij

395 2475 566 2528 potius
580 2475 855 2517 obseruata
869 2476 927 2517 sit
942 2475 1018 2517 670
1037 2475 1111 2518 200
1130 2475 1234 2527 1000,
1250 2477 1347 2519 erit
1365 2476 1657 2520 differentia
1670 2476 1989 2520 Ascenfionis
2010 2475 2178 2520 Redtae
2193 2476 2385 2519 harum
2399 2475 2557 2519 stella-

395 2544 515 2574 rum
539 2533 591 2574 71
625 2532 683 2575 30
712 2532 791 2583 28,
819 2545 937 2587 quae
964 2534 1140 2576 ablata
1166 2535 1232 2578 ab
1258 2534 1565 2578 Ascenfione
1591 2533 1745 2578 Recta
1769 2535 1943 2578 cordis
1967 2533 2020 2591 Ω
2047 2534 2129 2577 146
2158 2534 2217 2577 30
2274 2534 2318 2586 3,
2349 2534 2557 2577 exhibet

396 2591 756 2634 Ascensionem
774 2592 825 2634 R.
841 2591 986 2634 infer.
1009 2593 1154 2646 pedis
1171 2593 1358 2636 Ericht.
1375 2593 1432 2636 74
1462 2592 1519 2635 59
1548 2593 1622 2644 35,
1643 2594 1728 2636 cui
1745 2593 1919 2636 rursus
1939 2593 2117 2636 addita
2130 2592 2423 2636 differentia
2441 2592 2554 2635 Asc.

398 2649 448 2690 R.
478 2649 588 2691 eius
617 2652 667 2692 et
696 2650 744 2704 ἅ
772 2649 829 2692 32
860 2649 917 2692 58
952 2650 1025 2701 14,
1052 2654 1236 2693 notam
1265 2651 1391 2694 facit
1414 2651 1779 2694 Ascensionem
1799 2650 2072 2707 Red’tamd'
2094 2651 2175 2694 107
2200 2651 2257 2693 57
2281 2650 2354 2703 49,
2372 2654 2428 2693 vt
2446 2662 2558 2705 per-

397 2707 515 2749 inde
534 2708 799 2761 longitudo
818 2709 865 2763 d*
882 2708 973 2751 2300
989 2709 1161 2751 maior
1179 2709 1252 2761 sit,
1267 2710 1514 2754 nimirum
1534 2710 1587 2752 in
1606 2709 1679 2752 160
1691 2709 1735 2752 30
1751 2709 1893 2762 80095.

400 2800 494 2842 Die
513 2800 571 2842 26
591 2800 805 2843 Decem.
828 2803 1019 2855 compl.
1343 2803 1518 2846 Motus
1537 2814 1694 2846 verus
1717 2804 1765 2858 <13¹
2091 2801 2265 2845 Motus
2284 2802 2487 2845 medius
2505 2807 2550 2852 Θ

398 2858 539 2900 circa
560 2858 792 2901 mediam
811 2858 1017 2902 nod-’tem
1392 2861 1464 2903 170
1474 2861 1548 2904 340
1562 2862 1654 2904 5700
1669 2865 1725 2913 95
2173 2859 2329 2902 140520
2372 2859 2401 2902 4
2425 2863 2460 2911 z

399 2916 495 2959 Die
513 2915 570 2958 30
590 2918 855 2971 completo
1393 2919 1445 2961 15
1475 2919 1533 2962 59
1563 2919 1615 2962 21
1669 2923 1725 2971 ᾧ
2173 2917 2226 2960 18
2255 2917 2313 2960 48
2343 2917 2400 2960 37
2425 2921 2460 2969 z

1423 2990 1441 3031 1
1477 2989 1534 3032 35
1564 2989 1623 3032 36
2198 2988 2226 3031 3
2256 2987 2314 3031 56
2343 2987 2400 3030 33

849 3046 867 3087 1
902 3045 959 3088 35
989 3046 1047 3089 36
1611 3047 1664 3090 14
1693 3047 1751 3090 52
1810 3047 1839 3089 4

497 3102 717 3145 Summa
842 3103 870 3146 3
902 3103 958 3146 56
988 3104 1045 3147 33
1610 3106 1662 3148 17
1692 3105 1751 3148 34
1780 3106 1837 3147 57

437 3160 772 3204 differentiar·
845 3175 872 3215 5
902 3173 960 3216 32
1019 3174 1151 3216 9dat
1165 3175 1274 3217 dies
1287 3174 1330 3226 4,
1346 3178 1602 3228 quantum
1632 3175 1661 3218 2
1690 3175 1748 3218 42
1778 3175 1835 3218 53
1855 3175 2149 3218 differentia
2168 3175 2333 3224 1001&
2353 3176 2405 3216 et
2429 3174 2476 3228 <3-

398 3230 481 3273 die
505 3229 563 3273 26
587 3231 825 3274 Prouenit
849 3231 1079 3274 105704100
1100 3232 1152 3275 h.
1174 3244 1217 3275 e.
1241 3233 1363 3275 Dies
1387 3233 1404 3275 1
1431 3233 1661 3285 1-1.23.4⁴,
1683 3234 1767 3276 cui
1784 3234 2011 3287 tempori
2029 3233 2268 3287 congruit
