2742 4204
230 670 258 713 8

106 496 111 502 ,
203 465 303 542 {eph
347 465 417 495 Per
430 464 474 501 Q.
571 463 640 493 Per
659 463 702 500 Q.

227 520 261 542 ie

231 613 258 654 5

342 510 473 542 Mural.
570 509 702 540 minor.

331 552 388 595 37
419 551 501 598 434
566 551 624 594 37
655 550 712 593 43

1240 317 1367 369 1583
2299 322 2402 373 235

825 463 894 492 Per
908 462 950 499 Q.
1039 462 1109 492 Per
1122 462 1218 493 Sext.

841 513 935 548 port.
1003 508 1096 548 Trig.
1108 507 1254 540 rectific.

809 549 958 593 3744

330 611 388 654 37
419 611 479 654 20
504 609 753 664 exquisite
808 610 866 652 37
897 609 980 655 20}

330 666 388 714 36
423 669 477 712 10

205 729 252 771 11
329 729 387 772 35
448 728 501 775 04

204 789 256 831 12
329 787 387 831 34
417 788 476 831 36

199 847 428 902 vndique
460 846 687 890 nubibus
723 846 1173 898 circumdabatur,
1207 848 1264 888 vt

199 906 480 961 conspicue
500 906 614 964 eius
632 905 877 960 splendor
895 898 1136 960 intercipi
1155 916 1264 948 non

198 966 426 1020 potuerit

202 1025 254 1068 13
327 1024 386 1068 34
421 1025 498 1071 134

809 668 867 711 36
903 668 950 710 11
1052 668 1110 711 36
1147 668 1193 710 ll

808 727 866 770 35
928 727 979 774 04
1051 727 1109 770 35
1175 728 1193 769 l

808 786 867 830 34
891 786 949 829 37
974 786 1264 837 4οΘῒ3ῐηεη

570 1024 628 1067 34
664 1024 741 1066 15*
813 1023 872 1067 34
908 1023 961 1066 14

712 1083 861 1126 *haec
883 1095 991 1127 non
1011 1083 1154 1126 bona
1174 1083 1260 1127 est.

202 1143 255 1186 14
321 1143 378 1186 33
410 1143 468 1186 50
556 1143 614 1186 33
646 1143 729 1190 504
794 1142 852 1186 33
884 1143 966 1188 504

202 1202 254 1246 16
320 1202 377 1246 33
439 1202 492 1249 2}

557 1202 614 1245 33
675 1201 729 1249 4}

794 1202 851 1245 33
913 1201 1030 1245 325
1090 1201 1149 1244 33
1209 1202 1262 1244 4*

196 1261 348 1305 *huic
372 1262 553 1317 regula
579 1261 837 1316 impofita.
864 1262 986 1304 Erat
1013 1261 1262 1315 exquisite

196 1322 452 1365 serenum.

194 1380 252 1423 23
330 1380 502 1427 30184
579 1380 751 1427 30184
834 1380 982 1423 3019
1089 1380 1149 1423 30
1179 1381 1262 1424 20*

848 1440 986 1483 *non
1008 1439 1150 1483 bona
1170 1439 1255 1483 est.

191 1499 250 1542 24
315 1499 373 1542 29
404 1500 461 1542 55
496 1499 554 1541 25
627 1498 685 1542 29
716 1500 773 1542 57
847 1498 906 1542 29
937 1499 995 1542 56
1088 1499 1147 1542 29
1178 1499 1255 1546 564

191 1557 249 1601 28
315 1558 372 1601 28
403 1559 487 1605 234

187 1910 268 1957 30

626 1558 684 1601 28
715 1558 774 1601 24
847 1558 904 1601 28
936 1558 1018 1606 234
1087 1558 1146 1602 28
1176 1559 1235 1602 24

487 1618 575 1661 sed
595 1629 702 1660 non
722 1620 837 1661 erat
856 1618 977 1662 satis
998 1619 1255 1662 serenum.

190 1676 249 1719 29
320 1677 378 1720 27
410 1676 492 1724 594
570 1677 628 1720 28
690 1678 800 1720 orere
837 1677 895 1720 28
957 1677 985 1720 O
1086 1678 1144 1721 28
1211 1678 1259 1725 14

231 1734 467 1779 Pol'thoc
480 1737 696 1790 tempus
704 1735 1258 1795 suntQuadranspor-

193 1794 359 1838 tatilis
392 1796 450 1838 et
485 1795 730 1840 Sextans
769 1795 1032 1850 exquisite
1070 1795 1258 1840 rectifi-

189 1854 300 1898 cati
313 1865 415 1909 pro
435 1855 724 1910 capiendis
744 1855 1137 1899 altitudinibus.

324 1914 381 1958 27
413 1914 471 1958 37
579 1915 637 1958 27
668 1915 727 1958 38

248 1973 453 2017 Vmbra
484 1986 593 2017 non
621 1978 737 2018 erat
768 1975 889 2018 satis
921 1976 1174 2030 exquifita
1203 1975 1256 2018 in

835 1915 893 1958 27
925 1916 1008 1962 374
1085 1917 1143 1959 27
1174 1916 1232 1959 37

189 2033 452 2076 Sextante.
477 2034 536 2076 In
556 2034 863 2086 Quadrante
883 2035 1118 2089 portatili
1142 2047 1256 2090 per-

187 2092 527 2147 pendiculum
557 2093 792 2136 nonnihil
821 2106 852 2137 a
878 2093 1074 2148 puncto
1101 2095 1256 2138 decli-

188 2164 315 2195 nare
336 2152 631 2205 videbatur,
653 2152 793 2197 facta
815 2154 1198 2198 obseruatione.

220 2306 237 2348 1

190 2365 244 2408 10

190 2424 243 2467 12

189 2483 243 2526 14

189 2543 242 2586 15

189 2602 242 2645 16

184 2662 242 2705 20

553 2248 885 2292 OCTOBRIS.

315 2307 373 2349 27
410 2307 463 2350 14
778 2308 836 2351 27
873 2308 927 2351 14
1023 2309 1080 2352 27
1117 2309 1191 2355 142¹-

315 2366 372 2408 23
404 2366 488 2413 534
559 2367 615 2410 23
648 2367 705 2409 54
778 2368 836 2411 23
867 2367 926 2410 54

315 2425 373 2468 23
409 2426 487 2473 104
778 2427 836 2470 23
873 2427 926 2470 10
1022 2428 1079 2471 23
1141 2428 1195 2475 94

314 2484 373 2527 22
404 2485 461 2528 28
778 2487 836 2529 22
867 2487 945 2534 27}
1021 2487 1080 2530 22
1111 2488 1193 2535 274

314 2544 372 2586 22
434 2546 486 2592 74
777 2546 835 2589 22
898 2548 949 2593 74
1021 2547 1080 2589 22
1142 2549 1168 2590 7

314 2603 366 2646 21
403 2603 485 2651 464
777 2606 830 2648 21
866 2606 924 2649 46
1021 2607 1073 2649 21
1110 2606 1252 2650 46fere

314 2663 372 2705 20
402 2663 484 2710 254
777 2665 836 2708 20
867 2665 949 2712 254
1009 2667 1105 2709 Per
1130 2666 1252 2709 Sex-
1297 2692 1300 2694 -

1338 458 1543 498 tantem
1588 456 1807 500 altitudo
1851 458 2036 502 haberi
2085 471 2191 502 non
2235 461 2404 515 potuit

1339 518 1621 568 propterea
1655 517 1798 569 quod
1830 529 1936 560 non
1969 518 2089 561 esset
2122 519 2241 563 satis
2274 520 2403 563 sere-

1339 585 1484 625 num,
1502 586 1625 617 cum
1648 574 1778 618 alias
1791 576 1984 619 vmbra
1998 576 2051 619 in
2066 589 2129 621 eo
2151 579 2209 621 fit
2228 579 2402 622 minus

1338 633 1606 686 exquifita.

1337 692 1389 734 21
1468 692 1526 734 20
1587 694 1636 739 54
1930 694 1989 737 20
2050 697 2102 741 54
2173 696 2230 739 20
2291 697 2319 739 6

1337 750 1395 793 24
1473 751 1525 794 19
1587 753 1639 798 74
1935 753 1988 796 19
2050 754 2076 796 8
2178 755 2230 798 19
2292 757 2344 802 74

1747 823 1854 855 non
1874 812 1970 855 fuit
1990 813 2122 856 bene
2144 814 2399 858 serenum.

1336 868 1395 911 26
1472 869 1525 912 18
1557 870 1615 913 30
1633 883 1702 910 fere
1935 871 1988 914 18
2019 872 2077 915 30
2178 873 2230 915 18
2261 873 2313 915 31

1399 928 1517 972 Non
1538 932 1653 972 erat
1672 930 1921 984 exquisite
1936 931 2192 983 serenum,
2210 939 2253 983 Ε)
2268 933 2402 975 inter

1337 987 1505 1031 nubes
1525 988 1791 1032 interdum
1812 990 2245 1044 conspiciebatur.

1336 1046 1394 1089 30
1472 1047 1524 1090 17
1561 1047 1638 1094 194
1935 1050 1986 1092 17
2024 1050 2101 1096 194
2177 1050 2229 1092 17
2266 1050 2342 1097 194

1336 1109 1450 1148 erat
1469 1110 1595 1150 tunc
1617 1108 1815 1150 coelum
1836 1109 2223 1152 serenissimum.

1668 1214 2072 1259 NOUEMBRIS.

1367 1285 1393 1327 7
1472 1284 1523 1327 15
1560 1285 1613 1328 10
1934 1287 1986 1330 15
2048 1287 2100 1334 94
2177 1288 2228 1330 15
2290 1288 2341 1334 94

1738 1357 1845 1390 non
1865 1349 1980 1389 erat
2000 1347 2120 1390 satis
2141 1347 2397 1391 serenum.

1365 1403 1392 1446 8
1471 1403 1524 1446 14
1554 1404 1637 1451 564
1933 1406 1986 1449 14
2017 1406 2075 1449 56
2176 1407 2229 1449 14
2260 1409 2316 1450 55

1674 1512 2059 1557 DECEMBRIS.

1361 1582 1411 1624 21
1479 1582 1526 1625 11
1593 1583 1745 1626 225⁴⁴
1831 1584 1878 1627 11
1944 1585 2062 1628 220
2175 1587 2222 1628 11
2288 1587 2341 1633 24

1362 1642 1389 1684 3
1447 1676 1451 1678 -
1479 1642 1532 1685 10
1563 1642 1621 1686 58
1652 1643 1711 1686 20
1830 1644 1883 1687 10
1914 1644 1972 1687 58
2008 1644 2095 1687 18”
2175 1646 2228 1689 10
2258 1646 2316 1689 58

1330 1712 1478 1756 Ante
1488 1725 1690 1756 annum
1705 1715 1899 1758 eodem
1915 1715 2004 1758 die
2017 1715 2402 1760 obseruabatur

1335 1772 1552 1825 1οΡ574’,
1575 1774 1721 1827 quod
1745 1785 1853 1817 non
1876 1774 2058 1818 differt
2080 1775 2149 1819 ab
2168 1775 2275 1820 hac
2300 1777 2398 1820 ha-

1332 1831 1441 1875 bito
1460 1831 1701 1887 respectu
1722 1834 1831 1877 loci
1850 1841 1894 1884 Ε)
1915 1833 2014 1877 nili
2035 1834 2140 1879 10⁴¹.

1566 1941 1679 1983 DIE
1704 1941 1751 1983 11
1777 1942 2162 1986 DECEMBRIS.

1329 2012 1691 2062 Alt.Q)merid.
1707 2024 1802 2067 per
1817 2013 1876 2065 Q.
1896 2014 2084 2056 Mural.
2130 2014 2183 2057 10
2213 2015 2271 2058 39
2303 2015 2361 2058 40

1703 2084 1799 2126 per
1819 2072 1878 2124 Q.
1905 2076 2096 2127 portat.
2130 2074 2183 2116 10
2213 2074 2271 2117 39
2302 2075 2360 2117 20

1703 2144 1798 2186 per
1817 2132 1956 2175 Sext.
1978 2133 2108 2188 Trig.
2130 2134 2183 2176 10
2213 2134 2270 2177 38
2301 2135 2360 2177 30

1390 2190 1509 2234 Non
1520 2191 1768 2245 exquisite
1779 2192 2033 2235 serenum.
2044 2194 2259 2247 Propter
2265 2197 2395 2237 tem-

1328 2250 1582 2304 pestatem
1618 2251 1780 2294 etiam
1810 2252 2043 2295 nonnihil
2072 2252 2395 2296 vacillabant

1327 2309 1685 2369 instrumenta.

1535 2419 1537 2421 ’
1561 2418 1674 2459 DIE
1699 2418 1753 2460 14
1773 2419 2158 2462 DECEMBRIS.

1327 2489 1422 2531 Per
1441 2489 1639 2540 Quadr.
1665 2489 1928 2532 Muralem
2071 2490 2125 2533 10
2154 2490 2207 2532 41
2233 2491 2391 2535 dubia

1326 2549 1421 2591 Per
1442 2548 1638 2600 Quadr.
1655 2549 1883 2592 Portatil.
2071 2549 2124 2592 10
2154 2549 2213 2592 40

1326 2608 1421 2650 Per
1441 2608 1580 2651 Sext.
1604 2608 1734 2663 Trig.
2070 2609 2124 2652 10
2154 2609 2213 2652 40

1666 2668 1835 2711 Potes
1853 2667 1945 2711 hic
1969 2668 2045 2711 vti
2067 2667 2122 2711 10
2151 2668 2234 2715 404

242 2768 441 2812 Habita
473 2770 682 2814 ratione
718 2770 1051 2829 Quadrantis
1077 2772 1353 2826 portatilis
1386 2773 1755 2818 consentiente
1787 2774 2055 2819 Sextante
2091 2775 2388 2829 Trigonico,

183 2838 306 2870 cum
332 2827 430 2872 Sol
449 2829 553 2873 hoc
574 2830 663 2873 die
684 2830 746 2873 Iit
765 2830 820 2873 in
841 2831 871 2874 2
885 2832 1043 2885 parte
1071 2843 1194 2875 cum
1221 2835 1239 2879 4
1272 2838 1306 2885 z
1338 2834 1395 2876 et
1415 2833 1482 2876 ob
1502 2834 1560 2877 id
1585 2846 1617 2877 a
1644 2833 1889 2878 maxima
1911 2834 2277 2878 declinatione
2298 2834 2391 2877 ab-

182 2886 246 2930 Iit
261 2887 469 2931 minuto
492 2900 598 2933 vno
617 2889 873 2933 secundis
893 2892 936 2943 5,
965 2891 1070 2934 erit
1086 2891 1271 2946 itaque
1290 2893 1518 2936 minima
1540 2894 1767 2937 altitudo
1783 2894 2036 2948 proxime
2061 2893 2144 2937 10g
2162 2894 2252 2946 39¹,
2277 2893 2392 2947 qui-

183 2945 286 2989 bus
310 2948 618 3001 parallaxis
648 2949 802 2993 addit
827 2950 856 2992 3
881 2949 1153 3005 scrupula,
1185 2952 1244 2994 Vt
1266 2951 1329 2994 Iit
1356 2963 1485 2996 vera
1512 2953 1740 2996 altitudo
1769 2953 1918 2997 Solis
1943 2953 2170 2996 minima
2202 2952 2385 3006 103422

182 3016 417 3060 cumque
445 3008 692 3052 maxima
721 3008 784 3052 Iit
808 3009 864 3051 in
897 3009 1132 3054 Solstitio
1161 3010 1346 3054 ael'tiuo
1376 3012 1561 3055 addita
1591 3012 1870 3067 parallaxi
1897 3012 2177 3056 obseruata
2206 3013 2293 3054 57g
2314 3012 2387 3054 37¹

177 3065 452 3119 proxime,
483 3066 559 3110 est
585 3067 769 3122 itaque
791 3068 1097 3112 differentia
1127 3069 1408 3124 Vtriusque
1435 3071 1493 3114 46
1524 3073 1583 3114 55
1610 3073 1717 3115 tota
1745 3071 1985 3115 deviatio
2011 3071 2294 3126 Eclipticae
2319 3071 2388 3114 ab

180 3124 491 3179 AEquatore.
522 3126 674 3170 Vnde
699 3127 884 3171 media
909 3128 1331 3172 declinationem
1362 3131 1665 3174 maximam
1697 3131 2094 3185 reprael'entans
2120 3130 2196 3173 est
2218 3130 2278 3173 23
2306 3130 2389 3177 274

181 3184 238 3226 et
255 3183 482 3230 altitudo
508 3185 903 3240 aequinocftialis
931 3188 1035 3230 erit
1051 3187 1110 3230 34
1142 3189 1206 3235 94.
1232 3188 1347 3232 Sed
1367 3190 1589 3233 dubium
1619 3190 1694 3233 est
1718 3202 1862 3234 anne
1886 3190 1983 3234 Sol
2007 3190 2062 3233 in
2089 3189 2183 3233 ista
2210 3188 2389 3232 alt1‘tu-

180 3242 307 3286 dine
328 3244 530 3298 exigua
546 3247 813 3300 appareat
825 3257 932 3301 per
946 3247 1158 3290 radium
1180 3247 1465 3292 refractum
1489 3250 1544 3292 in
1566 3250 1674 3293 alio
1694 3251 1815 3293 loco
1835 3249 2099 3304 altiorque
2121 3259 2280 3303 quam
2303 3259 2388 3291 re-

184 3313 312 3345 uera
333 3302 412 3356 Iit,
442 3303 701 3358 siquidem
730 3304 880 3349 stella
908 3306 1124 3349 Polaris
1149 3307 1204 3349 in
1225 3306 1318 3350 sua
1339 3308 1585 3352 maxima
1611 3308 1949 3363 minimaque
1973 3308 2256 3352 altitudine
2277 3317 2384 3350 non

182 3362 382 3405 tantam
400 3363 650 3417 praebeat
666 3365 962 3418 aequatoris
981 3365 1381 3411 sublimitatem.

238 3445 250 3472 ¹
275 3451 372 3483 Hinc
386 3460 508 3493 usque
521 3453 568 3484 ad
580 3453 695 3485 finem
708 3454 797 3485 anni
811 3463 831 3485 e
846 3454 976 3486 codice
991 3455 1035 3486 V.

2173 3514 2239 3545 30*
