2690 4178
732 341 1404 395 PROLEGOMENA
1430 343 1834 398 EDITORIS
2218 350 2384 403 XVII

411 481 637 526 CODEX
659 480 698 523 E
719 501 775 517 =
795 481 913 523 Ant.
936 481 1062 524 Coll.
1086 481 1202 535 Reg.
1224 481 1311 524 313
1332 482 1384 524 in
1404 482 1493 525 fol.
1516 483 1749 527 continet
1769 485 2165 531 observationes

657 551 791 595 Solis
812 551 979 594 Lunae
999 553 1334 606 planetarum
1356 564 1620 596 annorum
1644 554 1925 598 1590—94.

262 638 543 682 Involucro
569 635 788 679 vestitus
812 634 911 677 fuit
935 635 1353 678 membranaceo
1380 635 1615 690 corrigiis
1643 636 1900 681 instructo
1925 642 1983 681 ut
2008 640 2217 693 prioris;
2248 655 2386 686 nunc

191 712 244 755 in
263 711 397 754 duos
414 711 593 752 tomos
613 705 810 750 divisus
830 709 924 749 est.
946 705 1090 749 Folia
1110 706 1343 749 continet
1362 706 1448 749 367
1469 707 1702 750 numeris
1721 708 1960 763 insignita
1975 714 2170 764 praeter
2183 714 2210 754 5
2223 714 2388 757 variae

192 783 398 832 formae,
421 791 542 834 quae
562 780 683 833 post
700 777 789 820 illa
808 777 1004 820 inserta
1025 779 1160 819 sunt.
1182 777 1379 820 Titulus
1399 788 1506 820 non
1527 781 1762 832 apparet.

262 854 444 896 Annus
477 848 612 892 1590
640 848 840 902 integer
868 850 962 899 est,
993 847 1038 890 si
1065 847 1301 902 excipias
1327 848 1727 892 observationes
1750 849 1778 900 J
1782 850 1896 893 ovis
1917 851 1945 902 J
1950 864 2032 895 an.
2062 853 2110 896 d.
2139 853 2314 897 29—30
2341 859 2391 898 et

192 927 313 969 loca
325 933 499 978 pauca
513 932 608 976 per
621 919 858 963 calculos
871 921 1098 973 reperta.
1120 919 1158 960 E
1171 918 1298 962 folio
1314 922 1473 962 antea
1487 931 1594 963 non
1609 920 1790 972 affixo,
1807 922 1949 975 quod
1965 923 2390 969 observationem

192 995 397 1052 praebet
415 991 634 1036 Veneris
656 990 811 1033 Mart.
835 989 883 1032 d.
905 989 979 1041 21,
1000 989 1364 1044 intellegimus,
1387 1001 1493 1044 quo
1515 992 1678 1034 modo
1698 991 1813 1034 fieri
1832 994 2076 1046 potuerit,
2097 998 2155 1037 ut
2174 997 2390 1040 omnino

194 1064 593 1111 observationes
620 1061 872 1117 perirent;
903 1060 988 1103 hic
1018 1061 1275 1115 scriptum
1305 1065 1384 1104 est
1412 1061 1465 1104 in
1494 1073 1709 1105 summa
1738 1062 1931 1107 fronte:
1967 1065 2125 1108 »Vide
2153 1066 2206 1109 in
2235 1079 2392 1121 quem

195 1149 394 1181 annum
413 1135 533 1179 haec
553 1136 793 1189 spectent
812 1135 864 1175 et
883 1144 1012 1174 num
1031 1132 1423 1187 transscripta«.
1454 1133 1866 1177 Observationes
1887 1135 2020 1179 Solis
2040 1142 2302 1191 separatae
2324 1140 2394 1181 in-

193 1209 487 1259 veniuntur,
515 1208 710 1249 ceterae
735 1203 824 1261 (ad
850 1203 991 1246 hunc
1018 1204 1194 1247 solum
1221 1204 1440 1261 annum)
1464 1205 1744 1259 permixtae
1768 1217 1866 1250 nec
1889 1210 2071 1251 tamen
2089 1220 2300 1263 semper
2319 1222 2394 1253 se-

195 1280 428 1325 cundum
446 1275 703 1332 temporis
723 1274 981 1319 ordinem.

265 1353 446 1395 Annus
465 1347 592 1392 1591
613 1348 842 1401 integras
856 1346 1061 1401 praebet
1076 1346 1492 1399 observationes,
1511 1351 1565 1390 at
1578 1349 1909 1391 calculorum
1925 1350 1993 1392 ad
2008 1352 2395 1405 oppositionem

195 1422 405 1468 Saturni
426 1418 799 1476 pertinentium
819 1429 944 1472 pars
964 1421 1016 1460 et
1034 1417 1135 1460 tria
1155 1419 1277 1462 loca
1298 1418 1466 1462 Lunae
1486 1431 1582 1473 per
1601 1420 1837 1463 calculos
1857 1424 2067 1475 reperta
2088 1423 2289 1466 desunt.
2319 1424 2392 1466 Cf.

193 1499 376 1539 tamen
394 1504 556 1547 supra
576 1490 645 1534 ad
666 1501 866 1533 annum
890 1487 1003 1532 1586
1022 1489 1093 1546 (in
1113 1490 1299 1533 codice
1319 1490 1390 1546 C).

266 1567 447 1609 Annus
471 1561 607 1606 1592
627 1561 827 1616 integer
845 1563 939 1613 est,
962 1560 1006 1603 si
1026 1561 1260 1616 excipias
1279 1562 1402 1605 loca
1420 1574 1597 1616 pauca
1616 1574 1711 1617 per
1731 1563 1967 1607 calculos
1987 1567 2211 1619 reperta.

266 1638 449 1680 Annus
472 1633 608 1677 1593
629 1644 816 1677 omnes
845 1631 1247 1676 observationes
1275 1633 1496 1687 praebet‚
1525 1637 1584 1676 ut
1612 1637 1757 1688 patet
1786 1646 1814 1677 e
1844 1636 2247 1690 comparatione
2273 1648 2397 1679 cum

197 1708 381 1753 codice
401 1707 464 1759 K,
487 1705 575 1760 qui
594 1703 888 1758 exscriptus
909 1706 989 1746 est
1009 1715 1038 1747 e
1058 1703 1245 1747 codice
1263 1704 1326 1756 V,
1347 1704 1438 1747 ubi
1457 1717 1598 1748 nunc
1620 1706 1767 1749 deest
1785 1706 1871 1749 hic
1894 1718 2077 1750 annus.

266 1780 450 1822 Annus
474 1775 610 1820 1594
629 1775 742 1830 ipse
763 1785 975 1830 quoque
996 1786 1183 1819 omnes
1199 1775 1600 1820 observationes
1616 1777 1840 1831 praebet3
1865 1778 2398 1822 animadvertendum

196 1855 376 1895 tamen
394 1852 488 1901 est,
509 1848 563 1891 in
582 1847 757 1903 priore
778 1847 902 1890 anni
920 1849 1071 1901 parte
1090 1857 1293 1901 paucas
1315 1848 1532 1891 omnino
1551 1848 1785 1902 reperiri.

269 1923 328 1966 In
345 1922 450 1965 hoc
471 1919 657 1964 codice
677 1919 804 1962 satis
824 1919 992 1961 multa
1011 1921 1132 1962 sunt
1151 1917 1315 1973 ipsius
1333 1918 1599 1973 Tychonis
1620 1932 1784 1963 manu
1804 1920 2015 1975 scripta.

419 2050 645 2095 CODEX
667 2049 706 2093 F
725 2070 782 2087 =
802 2050 920 2092 Ant.
944 2049 1070 2093 Coll.
1094 2050 1210 2106 Reg.
1232 2049 1320 2093 314
1339 2050 1393 2093 in
1412 2049 1502 2094 fol.
1526 2051 1760 2094 continet
1779 2051 2179 2095 observationes

1151 2122 1276 2165 anni
1300 2120 1450 2165 1595.

269 2208 553 2252 Involucro
568 2205 787 2249 vestitus
801 2205 897 2248 fuit
911 2205 1329 2249 membranaceo
1344 2206 1500 2248 valde
1514 2206 1646 2248 rudi.
1664 2206 1807 2249 Folia
1821 2206 2054 2249 continet
2072 2206 2154 2249 182
2168 2206 2400 2249 numeris

198 2279 439 2335 insignita
458 2280 655 2333 praeter
668 2276 696 2320 9
710 2277 921 2320 minora
940 2278 1051 2320 sine
1071 2277 1322 2328 numeris,
1345 2289 1467 2331 quae
1486 2278 1620 2320 inter
1640 2277 1726 2320 illa
1746 2277 1942 2320 inserta
1961 2280 2096 2320 sunt.
2120 2277 2400 2320 Stellarum

199 2351 430 2394 fixarum
451 2348 851 2393 observationes
875 2351 1139 2402 separatae
1164 2348 1503 2392 inveniuntur
1523 2350 1592 2392 ad
1611 2349 1775 2392 finem
1802 2349 2022 2401 codicis;
2050 2351 2244 2391 ceterae
2268 2349 2403 2391 inter

200 2434 257 2466 se
275 2421 458 2465 mixtae
478 2423 600 2463 sunt
619 2420 915 2463 secundum
934 2419 1191 2474 temporis
1212 2420 1469 2463 ordinem.
1498 2421 1650 2463 Plura
1675 2421 1796 2463 loca
1823 2421 2159 2474 planetarum
2185 2432 2279 2474 per
2301 2420 2403 2462 cal-

201 2494 349 2537 culos
377 2494 588 2546 reperta
615 2491 952 2534 inveniuntur
981 2503 1146 2546 quam
1174 2491 1227 2534 in
1254 2491 1518 2546 prioribus
1549 2491 1836 2535 codicibus.
1869 2492 1942 2533 Ex
1971 2491 2052 2533 his
2082 2490 2404 2545 paucissima

202 2564 404 2615 desunt,
432 2574 499 2606 ex
519 2562 979 2606 observationibus
999 2562 1140 2606 nihil.
1170 2562 1584 2607 Observationes
1604 2563 1731 2606 satis
1753 2563 1936 2605 multae
1955 2562 2221 2616 Tychonis
2241 2574 2404 2604 manu

201 2635 413 2690 scriptae
432 2637 568 2678 sunt.
589 2634 788 2677 Titulus
809 2637 1031 2689 apparet
1049 2634 1131 2677 his
1149 2634 1348 2678 verbis:

912 2728 1447 2773 OBSERVATIONES
1466 2729 1704 2772 PLANE-

997 2789 1372 2892 ΤΑΙίἱῙΜΙεέἒέ.ο
1392 2790 1607 2832 Annum

422 2966 647 3010 CODEX
668 2966 715 3010 G
736 2987 792 3003 =
812 2968 931 3011 Ant.
954 2967 1081 3011 Coll.
1105 2968 1221 3023 Reg.
1243 2967 1331 3011 316
1350 2967 1404 3010 in
1424 2967 1511 3011 fol.
1536 2967 1770 3011 continet
1790 2965 2188 3009 observationes

968 3051 1232 3083 annorum
1258 3037 1393 3082 1596
1414 3042 1466 3082 et
1490 3037 1640 3082 1597.

274 3121 556 3165 Involucro
582 3121 802 3165 vestitus
828 3121 925 3164 fuit
951 3122 1370 3166 membranaceo
1398 3121 1543 3165 tenui
1573 3133 1636 3164 ac
1666 3122 1805 3173 laxo,
1836 3121 1889 3163 in
1919 3131 2023 3174 quo
2053 3131 2214 3173 supra
2242 3118 2405 3160 lineas

203 3192 393 3235 rubras
412 3192 561 3235 modi
579 3193 769 3236 musici
789 3193 1041 3236 carminis
1062 3194 1342 3249 quusdam
1363 3193 1537 3236 Latini
1559 3193 1740 3247 scripti
1759 3195 1894 3235 sunt.
1924 3192 1982 3234 In
2009 3191 2181 3234 fronte
2207 3189 2406 3232 scheda

206 3263 525 3319 agglutinata
549 3266 644 3316 est,
672 3264 726 3306 in
752 3276 857 3318 qua
884 3264 1321 3308 observationum
1347 3264 1509 3307 libros
1536 3266 1788 3318 acceptos
1812 3265 2036 3306 testatur
2063 3261 2255 3314 Kepler
2283 3259 2403 3316 (vid.

205 3345 365 3389 supra
385 3346 434 3389 p.
457 3334 537 3391 II).
566 3334 709 3378 Folia
733 3335 967 3379 continet
990 3335 1073 3378 186
1099 3339 1296 3390 praeter
1315 3335 1630 3378 fasciculum
1651 3336 1735 3377 vel
1756 3334 1949 3377 rectius
1970 3333 2104 3375 duos
2124 3331 2406 3373 fasciculos

206 3404 456 3449 foliorum
475 3406 549 3458 23,
572 3418 693 3461 quae
714 3408 951 3450 calculos
972 3408 1236 3461 quosdam
1256 3407 1499 3461 praebent
1518 3406 1646 3449 levis
1666 3405 1832 3460 pretii.

347 3477 410 3520 (C)
