2690 4178
727 349 1401 402 PROLEGOMENA
1427 350 1831 405 EDITORIS
2293 359 2377 411 XI

183 505 304 538 rum
324 489 724 535 observationes
742 488 795 531 in
815 488 1088 543 publicum
1107 500 1264 532 usum
1289 488 1411 531 inde
1437 493 1786 534 sumerentur.
1814 492 1966 535 Anno
1997 493 2108 536 1845
2134 496 2378 541 observa-

183 564 351 609 tiones
383 563 611 606 cometae
645 559 768 603 anni
803 558 916 601 1585
948 558 1110 602 edidit
1140 558 1624 602 SCHUMACHERl
1657 560 1865 615 (quibus
1895 574 2023 605 usus
2054 567 2132 607 est
2165 566 2216 608 C.
2240 567 2299 610 A.
2325 569 2374 612 F.

183 632 427 684 PETERS,
461 643 587 675 cum
616 631 728 686 eJus
758 629 989 673 orbitam
1018 630 1221 685 egregie
1250 630 1524 687 definiret),
1559 642 1623 674 ac
1652 634 1839 685 postea
1868 633 2265 679 observationes
2296 650 2379 682 co-

184 707 342 749 metae
372 702 495 747 anni
527 702 640 745 1596
668 701 810 745 idem
839 700 1042 744 edidit.²
1071 700 1311 755 Denique
1341 714 1388 744 a.
1421 701 1532 744 1867
1559 713 1747 745 omnes
1773 707 2109 748 cometarum
2135 706 2379 752 observa-

182 777 351 821 tiones
370 774 531 819 edidit
550 773 600 816 F.
624 773 677 816 R.
700 771 904 815 FRIIS.³

253 917 403 969 EGO,
425 916 514 971 qui
532 914 710 959 multis
731 915 798 958 ab
820 914 971 958 annis
984 913 1147 958 libros
1160 914 1496 969 Tychonicos
1510 916 1749 970 cognitos
1763 916 2018 960 haberem
2033 921 2085 961 et
2098 919 2379 964 editionem

182 991 494 1034 accuratam
520 998 584 1031 ac
610 987 717 1030 fide
737 986 952 1041 dignam
972 997 1176 1037 earum,
1206 997 1339 1040 quas
1360 986 1645 1039 continent,
1675 987 2110 1031 observationum
2131 991 2197 1033 ab
2220 995 2381 1035 astro—

182 1060 354 1105 nomis
382 1059 539 1102 valde
568 1057 858 1102 desiderari
886 1057 1115 1111 graviter
1144 1056 1410 1109 sentirem,
1439 1058 1658 1100 tandem
1688 1071 1734 1101 a.
1764 1058 1875 1101 1907
1904 1061 2067 1102 talem
2097 1061 2380 1106 editionem

181 1131 449 1176 instituere
469 1129 623 1185 coepi.
645 1130 931 1184 Postquam
950 1127 1104 1183 igitur
1122 1128 1502 1172 interveniente
1521 1128 1637 1172 viro
1658 1130 1954 1173 clarissimo
1977 1131 2041 1174 H.
2059 1131 2119 1174 O.
2138 1133 2378 1186 LANGE,

181 1201 517 1247 bibliothecae
536 1201 695 1256 regiae
717 1199 1010 1244 Hauniensi
1029 1200 1304 1254 praefecto,
1327 1212 1359 1242 a
1380 1200 1527 1255 Regis
1539 1200 1728 1243 Daniae
1749 1201 2005 1254 ministro,
2028 1204 2113 1246 cui
2133 1215 2262 1247 cura
2280 1208 2381 1247 tra-

181 1274 291 1318 dita
318 1276 433 1316 erat
462 1272 752 1327 disciplinae
780 1271 1026 1326 publicae,
1057 1271 1188 1314 mihi
1216 1283 1536 1315 concessum
1565 1274 1659 1323 est,
1686 1275 1744 1315 ut
1768 1273 2097 1316 Armacham
2128 1274 2381 1319 Hiberno-

180 1357 300 1389 rum
323 1345 376 1388 in
399 1345 690 1399 speculam,
719 1343 805 1387 cui
829 1345 945 1386 tum
972 1343 1260 1397 praefectus
1286 1354 1453 1395 eram,
1481 1343 1599 1387 libri
1623 1356 1788 1386 manu
1814 1344 2009 1399 scripti,
2036 1357 2143 1389 uno
2171 1358 2380 1401 quoque

178 1420 421 1471 tempore
434 1415 633 1470 singuli,
656 1426 840 1457 meum
853 1414 907 1457 in
919 1426 1078 1457 usum
1098 1414 1446 1466 mitterentur,
1470 1427 1502 1457 a
1522 1414 1745 1458 summis
1759 1415 1900 1467 viris,
1924 1416 2012 1470 qui
2028 1417 2379 1461 INSTITUTO

180 1485 670 1531 CARLSBERGICO
694 1488 978 1540 praeerant,
1005 1485 1181 1540 petivi,
1208 1489 1266 1528 ut
1287 1486 1356 1528 ad
1376 1486 1777 1530 observationes
1795 1486 2129 1541 Tychonicas
2150 1489 2380 1532 edendas

180 1570 308 1614 opes
328 1557 459 1602 mihi
477 1560 872 1612 praestarentur.
896 1557 1053 1609 Quod
1073 1569 1199 1600 cum
1218 1557 1431 1600 ineunte
1452 1568 1592 1600 anno
1618 1557 1730 1600 1908
1750 1558 1880 1601 mihi
1896 1570 2212 1603 concessum
2227 1563 2378 1612 esset,

179 1632 364 1675 aestate
384 1629 622 1685 ejusdem
644 1628 768 1672 anni
788 1640 922 1683 opus
944 1640 1219 1684 aggressus
1238 1640 1375 1672 sum.

249 1701 382 1745 Cum
408 1701 715 1755 exemplum
742 1711 929 1753 omnes
956 1699 1357 1743 observationes
1384 1700 1659 1744 continens
1685 1699 1737 1743 in
1763 1712 1858 1743 sex
1881 1703 2060 1744 tomos
2084 1702 2310 1746 divisum
2329 1704 2381 1746 il-

178 1773 268 1816 lud
293 1783 409 1816 esse
435 1774 696 1827 putarem,
724 1772 867 1826 quod
888 1771 1223 1815 Bartholinus
1243 1771 1638 1815 conficiendum
1662 1775 1960 1823 curaverat,
1987 1773 2091 1816 hoc
2114 1786 2145 1816 a
2165 1775 2381 1828 specula

177 1843 451 1888 Parisiensi
474 1843 707 1899 primum
734 1846 982 1886 mutuum
1007 1842 1225 1897 sumpsi,
1257 1845 1309 1886 et
1333 1842 1455 1886 licet
1479 1842 1611 1886 mihi
1638 1842 1786 1886 brevi
1811 1844 2152 1887 manifestum
2177 1844 2379 1888 factum

177 1916 258 1969 sit,
285 1915 412 1958 illud
437 1926 570 1967 esse,
598 1915 742 1969 quod
762 1926 792 1958 e
811 1914 1103 1958 Bartholini
1122 1915 1371 1969 exemplo
1390 1913 1827 1968 transscripserat
1847 1915 1926 1959 De
1946 1916 2096 1968 l’Isle,
2125 1927 2250 1959 cum
2276 1916 2379 1960 hoc

175 1990 358 2031 tamen
390 1997 575 2030 omnes
608 1985 1009 2030 observationes
1041 1986 1093 2028 in
1125 1984 1369 2029 Historia
1407 1984 1633 2029 Coelesti
1662 1985 2060 2030 editascontuli
2092 1990 2143 2030 et
2173 1987 2227 2030 in
2258 1999 2379 2031 meo

175 2059 330 2115 huJus
357 2057 530 2114 operis
556 2058 802 2112 exemplo
829 2058 1072 2101 omnium
1098 2068 1342 2101 errorum
1369 2057 1727 2101 correctiones
1755 2058 2026 2112 adscripsi,
2056 2059 2191 2102 sicut
2219 2059 2379 2102 etiam

177 2141 364 2174 omnes
384 2129 800 2181 observationes,
825 2141 947 2184 quae
966 2127 1227 2172 Historiae
1251 2127 1477 2172 Coelesti
1495 2129 1685 2172 desunt
1704 2132 1755 2172 et
1773 2129 1826 2172 in
1846 2130 1988 2173 libris
2008 2130 2379 2174 Parisiensibus

175 2201 526 2253 inveniuntur,
543 2201 665 2244 inde
677 2200 1030 2256 transscripsi.
1054 2201 1258 2245 Deinde
1272 2212 1461 2245 omnes
1475 2200 1688 2244 codices
1704 2200 2034 2244 Haunienses
2048 2202 2376 2255 perlustravi,

176 2275 229 2317 et
253 2274 445 2317 eodem
472 2272 686 2327 quidem
712 2273 914 2324 ordine,
943 2284 1048 2327 quo
1074 2272 1212 2316 infra
1236 2272 1620 2324 describuntur,
1649 2283 1773 2315 cum
1793 2272 1936 2327 ipsos
1957 2284 2167 2327 quoque
2187 2274 2378 2316 eodem

176 2345 340 2388 modo
367 2356 492 2388 cum
511 2342 755 2387 Historia
780 2343 1007 2387 Coelesti
1030 2347 1083 2388 et
1108 2355 1235 2388 cum
1260 2345 1348 2388 illo
1374 2343 1509 2388 libro
1536 2355 1659 2387 meo
1681 2344 1998 2396 conferrem,
2025 2345 2078 2387 in
2104 2356 2264 2398 quem
2290 2344 2378 2388 ob-

175 2415 502 2460 servationes
521 2415 624 2459 illic
648 2415 875 2459 omissas
893 2416 1379 2471 transscripseram.
1402 2416 1624 2459 Duabus
1641 2415 1721 2458 his
1736 2415 2104 2459 collationibus
2118 2416 2376 2468 institutis,

175 2488 496 2542 exemplum,
532 2488 675 2542 quod
704 2487 1012 2531 confecerat
1040 2487 1119 2531 De
1147 2488 1301 2540 l’Isle,
1335 2499 1551 2530 summa
1580 2498 1711 2530 cura
1739 2487 1942 2531 factum
1972 2499 2088 2530 esse
2118 2487 2376 2541 apparuit,

175 2571 300 2603 cum
312 2558 620 2614 paucissimi
631 2562 841 2602 tantum
854 2560 1035 2614 lapsus
1050 2559 1246 2602 calami
1260 2558 1801 2613 deprehenderentur3
1818 2558 1995 2613 itaque
2009 2559 2200 2602 eodem
2215 2559 2377 2602 modo

175 2630 241 2674 de
267 2629 554 2674 Bartholini
583 2631 829 2685 exemplo
852 2631 1219 2686 Judicandum.
1250 2630 1528 2673 Annorum
1556 2641 1687 2674 vero
1721 2629 1946 2673 1563—81
1981 2630 2377 2673 observationes

173 2701 534 2756 transscriptae
553 2704 675 2745 sunt
695 2714 724 2745 e
745 2702 1018 2746 codicibus
1037 2703 1083 2745 A
1103 2705 1156 2745 et
1175 2702 1213 2744 B
1233 2705 1285 2745 et
1305 2701 1550 2745 cumillis
1570 2702 1797 2753 collatae,
1827 2713 1959 2755 quas
1985 2701 2038 2744 in
2063 2714 2219 2745 suum
2240 2701 2378 2745 codi-

175 2784 294 2817 cem
318 2772 513 2830 (Haun.
535 2773 654 2817 Ant.
684 2773 810 2817 Coll.
840 2775 957 2830 Reg.
984 2773 1091 2831 310)
1120 2773 1455 2817 Bartholinus
1479 2772 1930 2828 transscripserat,
1957 2775 2015 2815 ut
2042 2773 2262 2816 lacunas
2282 2772 2378 2814 Hi-

174 2843 358 2887 storiae
376 2843 633 2888 Coelestis
650 2846 906 2900 expleret3
928 2846 1070 2889 hunc
1090 2845 1145 2888 in
1165 2844 1611 2896 annotationibus,
1634 2857 1754 2899 quae
1776 2843 2234 2888 observationibus
2256 2847 2376 2886 ante

172 2927 414 2959 mensem
429 2916 786 2960 Decembrem
801 2929 848 2960 a.
869 2917 982 2960 1577
995 2916 1258 2970 institutis,
1278 2916 1369 2960 ubi
1389 2916 1568 2960 deficit
1589 2915 1911 2971 archetypus
1926 2916 1979 2967 B,
2002 2915 2224 2970 adjectae
2239 2917 2373 2966 sunt,

245 3012 258 3037 ¹
282 3011 617 3049 Observationes
637 3015 815 3049 cometae
834 3014 942 3049 anni
965 3014 1068 3049 1585
1091 3013 1343 3059 Utaniburgi
1360 3013 1518 3048 habitae
1539 3024 1565 3048 a
1588 3013 1791 3058 Tychone
1810 3012 1962 3047 Brahe.
1986 3011 2056 3047 Ed.
2080 3011 2132 3046 H.
2148 3011 2192 3046 C.
2208 3010 2373 3046 SCHU-

175 3071 420 3107 MACHER.
439 3072 604 3108 Altonae
627 3073 728 3113 1845,
749 3071 794 3108 in
813 3073 863 3107 4⁰
884 3072 1006 3115 (Add.
1027 3073 1081 3108 ad
1099 3073 1478 3109 »Astronomische
1497 3072 1839 3113 Nachrichtem).

242 3131 260 3157 ²
277 3131 634 3168 Astronomiscbe
664 3132 950 3168 Nachtichten
984 3132 1120 3167 XXIII
1153 3144 1192 3178 p.
1223 3133 1291 3168 371
1326 3143 1414 3178 sqq.
1446 3131 1512 3167 Ad
1542 3134 1763 3177 utramque
1795 3130 2022 3167 editionem
2054 3140 2158 3165 usus
2190 3131 2251 3165 est
2283 3128 2374 3164 solo

173 3188 389 3226 codhx=rff.

242 3250 260 3276 ³
281 3250 315 3285 T
310 3250 497 3296 ychom’s
515 3250 659 3286 Brabe
677 3250 793 3286 Dani
813 3250 1149 3287 Observationes
1168 3254 1332 3296 septem
1357 3250 1640 3287 Cometarum.
1670 3249 1741 3285 Ed.
1763 3250 1801 3285 F.
1824 3249 1865 3284 R.
1886 3249 2030 3284 FRIIS.
2060 3247 2244 3284 Hauniae
2273 3247 2373 3287 1867,

173 3307 217 3343 in
239 3309 300 3345 4⁰.
327 3309 502 3345 Praeerat
527 3311 668 3345 autem
694 3309 795 3346 huic
821 3309 997 3346 editioni
1023 3310 1300 3347 conficiendae
1327 3313 1595 3345 astronomus
1622 3307 1802 3354 insignis
1830 3309 1883 3343 H.
1903 3308 1943 3342 L.
1965 3307 2153 3342 d'Arrest.
2180 3307 2371 3342 Ceterum

173 3378 270 3404 cum
295 3367 370 3403 illo
394 3370 580 3413 tempore
606 3379 783 3404 manum
803 3368 1020 3415 Tychonis
1046 3369 1185 3415 legere
1205 3380 1293 3406 non
1312 3368 1501 3414 potuisse
1522 3367 1717 3404 Friisium
1738 3369 1907 3408 constet,
1936 3365 2165 3401 Bartholini
2185 3365 2371 3408 exemplo

172 3425 440 3471 potissimum
459 3439 558 3464 eum
579 3427 722 3464 nisum
742 3439 835 3464 esse
856 3428 1112 3465 credendum
1133 3430 1205 3464 est.

314 3486 402 3529 (13⁸)
