<?xml version="1.0" encoding="UTF-8"?>
<!DOCTYPE html PUBLIC "-//W3C//DTD XHTML 1.0 Transitional//EN"
    "http://www.w3.org/TR/xhtml1/DTD/xhtml1-transitional.dtd">
<html xmlns="http://www.w3.org/1999/xhtml" xml:lang="en" lang="en">
 <head>
  <title>
</title>
<meta http-equiv="Content-Type" content="text/html;charset=utf-8" />
  <meta name='ocr-system' content='tesseract 3.04.00' />
  <meta name='ocr-capabilities' content='ocr_page ocr_carea ocr_par ocr_line ocrx_word'/>
</head>
<body>
  <div class='ocr_page' id='page_1' title='image "./operaomniaedidit10brahuoft/operaomniaedidit10brahuoft_0021.png"; bbox 0 0 2690 4178; ppageno 0'>
   <div class='ocr_carea' id='block_1_1' title="bbox 734 328 2386 388">
    <p class='ocr_par' dir='ltr' id='par_1_1' title="bbox 734 328 2386 388">
     <span class='ocr_line' id='line_1_1' title="bbox 734 328 2386 388; baseline 0.005 -9"><span class='ocrx_word' id='word_1_1' title='bbox 734 328 1407 381; x_wconf 88' lang='lat' dir='ltr'><strong>PROLEGOMENA</strong></span> <span class='ocrx_word' id='word_1_2' title='bbox 1433 331 1835 385; x_wconf 92' lang='lat' dir='ltr'><strong>EDITORIS</strong></span> <span class='ocrx_word' id='word_1_3' title='bbox 2278 338 2386 388; x_wconf 91' lang='lat' dir='ltr'>VII</span> 
     </span>
    </p>
   </div>
   <div class='ocr_carea' id='block_1_2' title="bbox 192 467 2407 2658">
    <p class='ocr_par' dir='ltr' id='par_1_2' title="bbox 192 467 2390 801">
     <span class='ocr_line' id='line_1_2' title="bbox 193 467 2387 525; baseline 0.001 -8"><span class='ocrx_word' id='word_1_4' title='bbox 193 471 507 517; x_wconf 88' lang='lat' dir='ltr'>mandatum</span> <span class='ocrx_word' id='word_1_5' title='bbox 525 468 799 522; x_wconf 92' lang='lat' dir='ltr'>reciperet,</span> <span class='ocrx_word' id='word_1_6' title='bbox 828 467 894 510; x_wconf 93' lang='lat' dir='ltr'>de</span> <span class='ocrx_word' id='word_1_7' title='bbox 912 470 1027 510; x_wconf 90' lang='lat' dir='ltr'>tota</span> <span class='ocrx_word' id='word_1_8' title='bbox 1047 479 1105 510; x_wconf 93' lang='lat' dir='ltr'>re</span> <span class='ocrx_word' id='word_1_9' title='bbox 1126 468 1259 511; x_wconf 92' lang='lat' dir='ltr'>bene</span> <span class='ocrx_word' id='word_1_10' title='bbox 1279 468 1465 511; x_wconf 86' lang='lat' dir='ltr'>instrui</span> <span class='ocrx_word' id='word_1_11' title='bbox 1483 469 1663 521; x_wconf 89' lang='lat' dir='ltr'>voluit,</span> <span class='ocrx_word' id='word_1_12' title='bbox 1693 474 1822 524; x_wconf 90' lang='lat' dir='ltr'>quot</span> <span class='ocrx_word' id='word_1_13' title='bbox 1841 473 2210 525; x_wconf 86' lang='lat' dir='ltr'>quaterniones</span> <span class='ocrx_word' id='word_1_14' title='bbox 2230 476 2387 520; x_wconf 86' lang='lat' dir='ltr'>editio</span> 
     </span>
     <span class='ocr_line' id='line_1_3' title="bbox 194 531 2389 597; baseline 0 -9"><span class='ocrx_word' id='word_1_15' title='bbox 194 540 644 597; x_wconf 87' lang='lat' dir='ltr'>comprehensura</span> <span class='ocrx_word' id='word_1_16' title='bbox 671 541 810 581; x_wconf 88' lang='lat' dir='ltr'>esset</span> <span class='ocrx_word' id='word_1_17' title='bbox 834 540 958 581; x_wconf 88' lang='lat' dir='ltr'>etc.¹</span> <span class='ocrx_word' id='word_1_18' title='bbox 986 539 1053 580; x_wconf 84' lang='lat' dir='ltr'>At</span> <span class='ocrx_word' id='word_1_19' title='bbox 1079 539 1145 581; x_wconf 90' lang='lat' dir='ltr'>de</span> <span class='ocrx_word' id='word_1_20' title='bbox 1170 539 1363 582; x_wconf 89' lang='lat' dir='ltr'>talibus</span> <span class='ocrx_word' id='word_1_21' title='bbox 1389 531 1683 594; x_wconf 76' lang='lat' dir='ltr'>numquam</span> <span class='ocrx_word' id='word_1_22' title='bbox 1711 543 1903 585; x_wconf 83' lang='lat' dir='ltr'>certior</span> <span class='ocrx_word' id='word_1_23' title='bbox 1926 543 2097 586; x_wconf 88' lang='lat' dir='ltr'>factus</span> <span class='ocrx_word' id='word_1_24' title='bbox 2119 556 2232 588; x_wconf 90' lang='lat' dir='ltr'>esse</span> <span class='ocrx_word' id='word_1_25' title='bbox 2252 547 2389 590; x_wconf 92' lang='lat' dir='ltr'>vide-</span> 
     </span>
     <span class='ocr_line' id='line_1_4' title="bbox 192 609 2387 669; baseline 0.002 -14"><span class='ocrx_word' id='word_1_26' title='bbox 192 618 297 666; x_wconf 83' lang='lat' dir='ltr'>tur3</span> <span class='ocrx_word' id='word_1_27' title='bbox 313 624 441 656; x_wconf 90' lang='lat' dir='ltr'>nam</span> <span class='ocrx_word' id='word_1_28' title='bbox 456 623 503 654; x_wconf 88' lang='lat' dir='ltr'>a.</span> <span class='ocrx_word' id='word_1_29' title='bbox 524 609 637 653; x_wconf 86' lang='lat'>1670</span> <span class='ocrx_word' id='word_1_30' title='bbox 651 612 895 652; x_wconf 89' lang='lat' dir='ltr'>mortuus</span> <span class='ocrx_word' id='word_1_31' title='bbox 909 612 989 652; x_wconf 92' lang='lat' dir='ltr'>est</span> <span class='ocrx_word' id='word_1_32' title='bbox 1003 609 1294 658; x_wconf 90' lang='lat' dir='ltr'>Fridericus</span> <span class='ocrx_word' id='word_1_33' title='bbox 1308 610 1378 652; x_wconf 95' lang='lat' dir='ltr'>III</span> <span class='ocrx_word' id='word_1_34' title='bbox 1392 611 1513 661; x_wconf 87' lang='lat' dir='ltr'>Rex,</span> <span class='ocrx_word' id='word_1_35' title='bbox 1532 611 1617 654; x_wconf 91' lang='lat' dir='ltr'>cui</span> <span class='ocrx_word' id='word_1_36' title='bbox 1631 612 1718 665; x_wconf 90' lang='lat' dir='ltr'>qui</span> <span class='ocrx_word' id='word_1_37' title='bbox 1732 613 1986 656; x_wconf 88' lang='lat' dir='ltr'>successit</span> <span class='ocrx_word' id='word_1_38' title='bbox 1998 614 2319 660; x_wconf 87' lang='lat' dir='ltr'>Christianus</span> <span class='ocrx_word' id='word_1_39' title='bbox 2326 617 2387 669; x_wconf 94' lang='lat' dir='ltr'>V,</span> 
     </span>
     <span class='ocr_line' id='line_1_5' title="bbox 193 680 2390 740; baseline 0 -11"><span class='ocrx_word' id='word_1_40' title='bbox 193 684 319 729; x_wconf 84' lang='lat' dir='ltr'>nihil</span> <span class='ocrx_word' id='word_1_41' title='bbox 346 681 527 726; x_wconf 84' lang='lat' dir='ltr'>tribuit</span> <span class='ocrx_word' id='word_1_42' title='bbox 554 680 737 724; x_wconf 88' lang='lat' dir='ltr'>litteris</span> <span class='ocrx_word' id='word_1_43' title='bbox 766 691 830 723; x_wconf 90' lang='lat' dir='ltr'>ac</span> <span class='ocrx_word' id='word_1_44' title='bbox 862 680 1136 732; x_wconf 83' lang='lat' dir='ltr'>doctrinae,</span> <span class='ocrx_word' id='word_1_45' title='bbox 1172 693 1277 735; x_wconf 93' lang='lat' dir='ltr'>quo</span> <span class='ocrx_word' id='word_1_46' title='bbox 1307 681 1512 724; x_wconf 89' lang='lat' dir='ltr'>factum</span> <span class='ocrx_word' id='word_1_47' title='bbox 1542 685 1635 734; x_wconf 87' lang='lat' dir='ltr'>est,</span> <span class='ocrx_word' id='word_1_48' title='bbox 1668 686 1727 725; x_wconf 94' lang='lat' dir='ltr'>ut</span> <span class='ocrx_word' id='word_1_49' title='bbox 1755 683 1821 726; x_wconf 92' lang='lat' dir='ltr'>de</span> <span class='ocrx_word' id='word_1_50' title='bbox 1850 684 1997 727; x_wconf 92' lang='lat' dir='ltr'>omni</span> <span class='ocrx_word' id='word_1_51' title='bbox 2024 684 2233 740; x_wconf 90' lang='lat' dir='ltr'>incepto</span> <span class='ocrx_word' id='word_1_52' title='bbox 2264 688 2390 730; x_wconf 92' lang='lat' dir='ltr'>desi-</span> 
     </span>
     <span class='ocr_line' id='line_1_6' title="bbox 194 757 431 801; baseline -0.021 0"><span class='ocrx_word' id='word_1_53' title='bbox 194 757 431 801; x_wconf 87' lang='lat' dir='ltr'>steretur.</span> 
     </span>
    </p>

    <p class='ocr_par' dir='ltr' id='par_1_3' title="bbox 194 822 2402 2017">
     <span class='ocr_line' id='line_1_7' title="bbox 265 822 2393 879; baseline 0.001 -10"><span class='ocrx_word' id='word_1_54' title='bbox 265 826 395 869; x_wconf 91' lang='lat' dir='ltr'>Cum</span> <span class='ocrx_word' id='word_1_55' title='bbox 415 835 545 867; x_wconf 92' lang='lat' dir='ltr'>vero</span> <span class='ocrx_word' id='word_1_56' title='bbox 571 822 660 866; x_wconf 93' lang='lat' dir='ltr'>illo</span> <span class='ocrx_word' id='word_1_57' title='bbox 687 825 932 877; x_wconf 91' lang='lat' dir='ltr'>tempore</span> <span class='ocrx_word' id='word_1_58' title='bbox 957 834 1052 867; x_wconf 87' lang='lat' dir='ltr'>sex</span> <span class='ocrx_word' id='word_1_59' title='bbox 1072 823 1187 878; x_wconf 76' lang='lat' dir='ltr'>Jam</span> <span class='ocrx_word' id='word_1_60' title='bbox 1214 824 1338 866; x_wconf 90' lang='lat' dir='ltr'>anni</span> <span class='ocrx_word' id='word_1_61' title='bbox 1363 824 1528 878; x_wconf 90' lang='lat' dir='ltr'>elapsi</span> <span class='ocrx_word' id='word_1_62' title='bbox 1554 827 1744 876; x_wconf 88' lang='lat' dir='ltr'>essent,</span> <span class='ocrx_word' id='word_1_63' title='bbox 1773 836 1839 868; x_wconf 85' lang='lat' dir='ltr'>ex</span> <span class='ocrx_word' id='word_1_64' title='bbox 1865 837 1970 879; x_wconf 93' lang='lat' dir='ltr'>quo</span> <span class='ocrx_word' id='word_1_65' title='bbox 1997 826 2159 870; x_wconf 92' lang='lat' dir='ltr'>libros</span> <span class='ocrx_word' id='word_1_66' title='bbox 2180 828 2393 872; x_wconf 87' lang='lat' dir='ltr'>Bartho-</span> 
     </span>
     <span class='ocr_line' id='line_1_8' title="bbox 194 893 2393 950; baseline 0 -9"><span class='ocrx_word' id='word_1_67' title='bbox 194 899 327 942; x_wconf 91' lang='lat' dir='ltr'>linus</span> <span class='ocrx_word' id='word_1_68' title='bbox 347 896 647 948; x_wconf 88' lang='lat' dir='ltr'>acceperat,</span> <span class='ocrx_word' id='word_1_69' title='bbox 669 905 794 937; x_wconf 90' lang='lat' dir='ltr'>cum</span> <span class='ocrx_word' id='word_1_70' title='bbox 814 893 1057 948; x_wconf 84' lang='lat' dir='ltr'>pecuniae</span> <span class='ocrx_word' id='word_1_71' title='bbox 1077 893 1205 937; x_wconf 87' lang='lat' dir='ltr'>satis</span> <span class='ocrx_word' id='word_1_72' title='bbox 1226 897 1277 937; x_wconf 88' lang='lat' dir='ltr'>et</span> <span class='ocrx_word' id='word_1_73' title='bbox 1298 895 1565 950; x_wconf 88' lang='lat' dir='ltr'>adjutores</span> <span class='ocrx_word' id='word_1_74' title='bbox 1585 907 1680 938; x_wconf 86' lang='lat' dir='ltr'>sex</span> <span class='ocrx_word' id='word_1_75' title='bbox 1699 899 1896 949; x_wconf 86' lang='lat' dir='ltr'>praesto</span> <span class='ocrx_word' id='word_1_76' title='bbox 1917 896 1964 939; x_wconf 93' lang='lat' dir='ltr'>ei</span> <span class='ocrx_word' id='word_1_77' title='bbox 1985 901 2173 950; x_wconf 87' lang='lat' dir='ltr'>essent,</span> <span class='ocrx_word' id='word_1_78' title='bbox 2199 899 2393 942; x_wconf 92' lang='lat' dir='ltr'>mirum</span> 
     </span>
     <span class='ocr_line' id='line_1_9' title="bbox 195 964 2392 1024; baseline 0 -11"><span class='ocrx_word' id='word_1_79' title='bbox 195 967 359 1013; x_wconf 90' lang='lat' dir='ltr'>videri</span> <span class='ocrx_word' id='word_1_80' title='bbox 377 968 565 1022; x_wconf 86' lang='lat' dir='ltr'>potest,</span> <span class='ocrx_word' id='word_1_81' title='bbox 588 965 732 1019; x_wconf 90' lang='lat' dir='ltr'>quod</span> <span class='ocrx_word' id='word_1_82' title='bbox 745 964 1005 1007; x_wconf 90' lang='lat' dir='ltr'>nihildum</span> <span class='ocrx_word' id='word_1_83' title='bbox 1017 965 1158 1020; x_wconf 87' lang='lat' dir='ltr'>typis</span> <span class='ocrx_word' id='word_1_84' title='bbox 1173 968 1287 1008; x_wconf 89' lang='lat' dir='ltr'>erat</span> <span class='ocrx_word' id='word_1_85' title='bbox 1302 965 1642 1021; x_wconf 84' lang='lat' dir='ltr'>descriptum.</span> <span class='ocrx_word' id='word_1_86' title='bbox 1653 966 1754 1009; x_wconf 86' lang='lat' dir='ltr'>Vix</span> <span class='ocrx_word' id='word_1_87' title='bbox 1766 970 1949 1010; x_wconf 91' lang='lat' dir='ltr'>tamen</span> <span class='ocrx_word' id='word_1_88' title='bbox 1964 968 2191 1011; x_wconf 89' lang='lat' dir='ltr'>dubitari</span> <span class='ocrx_word' id='word_1_89' title='bbox 2205 973 2392 1024; x_wconf 90' lang='lat' dir='ltr'>potest,</span> 
     </span>
     <span class='ocr_line' id='line_1_10' title="bbox 196 1035 2392 1095; baseline 0 -12"><span class='ocrx_word' id='word_1_90' title='bbox 196 1040 319 1095; x_wconf 89' lang='lat' dir='ltr'>quin</span> <span class='ocrx_word' id='word_1_91' title='bbox 337 1037 586 1088; x_wconf 88' lang='lat' dir='ltr'>studium,</span> <span class='ocrx_word' id='word_1_92' title='bbox 609 1036 753 1091; x_wconf 92' lang='lat' dir='ltr'>quod</span> <span class='ocrx_word' id='word_1_93' title='bbox 767 1035 1101 1079; x_wconf 86' lang='lat' dir='ltr'>Bartholinus</span> <span class='ocrx_word' id='word_1_94' title='bbox 1116 1037 1264 1091; x_wconf 91' lang='lat' dir='ltr'>operi</span> <span class='ocrx_word' id='word_1_95' title='bbox 1281 1037 1563 1090; x_wconf 87' lang='lat' dir='ltr'>tribuebat,</span> <span class='ocrx_word' id='word_1_96' title='bbox 1585 1038 1730 1081; x_wconf 91' lang='lat' dir='ltr'>haud</span> <span class='ocrx_word' id='word_1_97' title='bbox 1750 1050 1943 1092; x_wconf 90' lang='lat' dir='ltr'>parum</span> <span class='ocrx_word' id='word_1_98' title='bbox 1963 1039 2292 1082; x_wconf 91' lang='lat' dir='ltr'>deminutum</span> <span class='ocrx_word' id='word_1_99' title='bbox 2313 1041 2392 1092; x_wconf 91' lang='lat' dir='ltr'>sit,</span> 
     </span>
     <span class='ocr_line' id='line_1_11' title="bbox 194 1107 2394 1167; baseline 0 -13"><span class='ocrx_word' id='word_1_100' title='bbox 194 1113 478 1167; x_wconf 87' lang='lat' dir='ltr'>postquam</span> <span class='ocrx_word' id='word_1_101' title='bbox 505 1119 592 1151; x_wconf 91' lang='lat' dir='ltr'>res</span> <span class='ocrx_word' id='word_1_102' title='bbox 620 1107 748 1151; x_wconf 91' lang='lat' dir='ltr'>satis</span> <span class='ocrx_word' id='word_1_103' title='bbox 779 1108 1007 1150; x_wconf 90' lang='lat' dir='ltr'>molesta</span> <span class='ocrx_word' id='word_1_104' title='bbox 1039 1108 1086 1150; x_wconf 92' lang='lat' dir='ltr'>ei</span> <span class='ocrx_word' id='word_1_105' title='bbox 1118 1108 1356 1151; x_wconf 89' lang='lat' dir='ltr'>innotuit.</span> <span class='ocrx_word' id='word_1_106' title='bbox 1389 1108 1800 1164; x_wconf 90' lang='lat' dir='ltr'>Comparatione</span> <span class='ocrx_word' id='word_1_107' title='bbox 1830 1109 1972 1153; x_wconf 93' lang='lat' dir='ltr'>enim</span> <span class='ocrx_word' id='word_1_108' title='bbox 2001 1121 2126 1153; x_wconf 92' lang='lat' dir='ltr'>cum</span> <span class='ocrx_word' id='word_1_109' title='bbox 2155 1110 2394 1154; x_wconf 83' lang='lat' dir='ltr'>Historia</span> 
     </span>
     <span class='ocr_line' id='line_1_12' title="bbox 199 1178 2397 1236; baseline 0 -11"><span class='ocrx_word' id='word_1_110' title='bbox 199 1179 422 1226; x_wconf 83' lang='lat' dir='ltr'>Coelesti</span> <span class='ocrx_word' id='word_1_111' title='bbox 439 1179 691 1230; x_wconf 86' lang='lat' dir='ltr'>instituta,</span> <span class='ocrx_word' id='word_1_112' title='bbox 713 1179 766 1221; x_wconf 92' lang='lat' dir='ltr'>in</span> <span class='ocrx_word' id='word_1_113' title='bbox 787 1178 1223 1222; x_wconf 87' lang='lat' dir='ltr'>observationum</span> <span class='ocrx_word' id='word_1_114' title='bbox 1243 1179 1404 1231; x_wconf 90' lang='lat' dir='ltr'>libris,</span> <span class='ocrx_word' id='word_1_115' title='bbox 1427 1191 1561 1233; x_wconf 93' lang='lat' dir='ltr'>quos</span> <span class='ocrx_word' id='word_1_116' title='bbox 1580 1180 1902 1234; x_wconf 90' lang='lat' dir='ltr'>possidebat,</span> <span class='ocrx_word' id='word_1_117' title='bbox 1925 1181 2243 1236; x_wconf 89' lang='lat' dir='ltr'>archetypis,</span> <span class='ocrx_word' id='word_1_118' title='bbox 2266 1195 2397 1236; x_wconf 85' lang='lat' dir='ltr'>prae-</span> 
     </span>
     <span class='ocr_line' id='line_1_13' title="bbox 195 1249 2397 1309; baseline -0.001 -12"><span class='ocrx_word' id='word_1_119' title='bbox 195 1253 347 1308; x_wconf 88' lang='lat' dir='ltr'>cipue</span> <span class='ocrx_word' id='word_1_120' title='bbox 374 1252 443 1294; x_wconf 89' lang='lat' dir='ltr'>ad</span> <span class='ocrx_word' id='word_1_121' title='bbox 469 1261 638 1294; x_wconf 89' lang='lat' dir='ltr'>annos</span> <span class='ocrx_word' id='word_1_122' title='bbox 668 1249 917 1302; x_wconf 82' lang='lat'>1582-89‚</span> <span class='ocrx_word' id='word_1_123' title='bbox 947 1251 1169 1293; x_wconf 91' lang='lat' dir='ltr'>lacunas</span> <span class='ocrx_word' id='word_1_124' title='bbox 1198 1262 1387 1306; x_wconf 93' lang='lat' dir='ltr'>graves</span> <span class='ocrx_word' id='word_1_125' title='bbox 1414 1262 1530 1294; x_wconf 90' lang='lat' dir='ltr'>esse</span> <span class='ocrx_word' id='word_1_126' title='bbox 1556 1251 1902 1306; x_wconf 87' lang='lat' dir='ltr'>deprehendit</span> <span class='ocrx_word' id='word_1_127' title='bbox 1929 1252 2014 1309; x_wconf 91' lang='lat' dir='ltr'>(de</span> <span class='ocrx_word' id='word_1_128' title='bbox 2045 1252 2232 1306; x_wconf 88' lang='lat' dir='ltr'>quibus</span> <span class='ocrx_word' id='word_1_129' title='bbox 2260 1253 2397 1296; x_wconf 89' lang='lat' dir='ltr'>infra</span> 
     </span>
     <span class='ocr_line' id='line_1_14' title="bbox 196 1320 2395 1378; baseline -0 -10"><span class='ocrx_word' id='word_1_130' title='bbox 196 1326 445 1368; x_wconf 87' lang='lat' dir='ltr'>accurate</span> <span class='ocrx_word' id='word_1_131' title='bbox 466 1320 892 1378; x_wconf 87' lang='lat' dir='ltr'>disputabimus);</span> <span class='ocrx_word' id='word_1_132' title='bbox 917 1333 1037 1375; x_wconf 86' lang='lat' dir='ltr'>quae</span> <span class='ocrx_word' id='word_1_133' title='bbox 1060 1332 1161 1376; x_wconf 92' lang='lat' dir='ltr'>ope</span> <span class='ocrx_word' id='word_1_134' title='bbox 1175 1322 1310 1364; x_wconf 91' lang='lat' dir='ltr'>illius</span> <span class='ocrx_word' id='word_1_135' title='bbox 1325 1321 1566 1366; x_wconf 88' lang='lat' dir='ltr'>editionis</span> <span class='ocrx_word' id='word_1_136' title='bbox 1579 1323 1685 1366; x_wconf 89' lang='lat' dir='ltr'>fide</span> <span class='ocrx_word' id='word_1_137' title='bbox 1699 1323 1926 1378; x_wconf 86' lang='lat' dir='ltr'>indignae</span> <span class='ocrx_word' id='word_1_138' title='bbox 1941 1323 2216 1378; x_wconf 85' lang='lat' dir='ltr'>explendae</span> <span class='ocrx_word' id='word_1_139' title='bbox 2231 1328 2395 1368; x_wconf 89' lang='lat' dir='ltr'>erant.</span> 
     </span>
     <span class='ocr_line' id='line_1_15' title="bbox 196 1392 2397 1449; baseline -0 -10"><span class='ocrx_word' id='word_1_140' title='bbox 196 1395 349 1439; x_wconf 89' lang='lat' dir='ltr'>Hanc</span> <span class='ocrx_word' id='word_1_141' title='bbox 369 1397 553 1437; x_wconf 89' lang='lat' dir='ltr'>tamen</span> <span class='ocrx_word' id='word_1_142' title='bbox 572 1404 687 1436; x_wconf 91' lang='lat' dir='ltr'>rem</span> <span class='ocrx_word' id='word_1_143' title='bbox 707 1392 893 1447; x_wconf 89' lang='lat' dir='ltr'>paucis</span> <span class='ocrx_word' id='word_1_144' title='bbox 911 1395 1121 1436; x_wconf 81' lang='lat' dir='ltr'>tantum</span> <span class='ocrx_word' id='word_1_145' title='bbox 1141 1393 1272 1437; x_wconf 91' lang='lat' dir='ltr'>locis</span> <span class='ocrx_word' id='word_1_146' title='bbox 1292 1393 1590 1449; x_wconf 89' lang='lat' dir='ltr'>perstringit</span> <span class='ocrx_word' id='word_1_147' title='bbox 1610 1394 1958 1446; x_wconf 86' lang='lat' dir='ltr'>Bartholinus‚</span> <span class='ocrx_word' id='word_1_148' title='bbox 1985 1397 2042 1437; x_wconf 91' lang='lat' dir='ltr'>ut</span> <span class='ocrx_word' id='word_1_149' title='bbox 2067 1395 2120 1437; x_wconf 91' lang='lat' dir='ltr'>in</span> <span class='ocrx_word' id='word_1_150' title='bbox 2146 1395 2279 1438; x_wconf 91' lang='lat' dir='ltr'>libro</span> <span class='ocrx_word' id='word_1_151' title='bbox 2300 1407 2397 1439; x_wconf 91' lang='lat' dir='ltr'>suo</span> 
     </span>
     <span class='ocr_line' id='line_1_16' title="bbox 195 1464 2400 1522; baseline -0.001 -12"><span class='ocrx_word' id='word_1_152' title='bbox 195 1478 358 1510; x_wconf 90' lang='lat' dir='ltr'>manu</span> <span class='ocrx_word' id='word_1_153' title='bbox 384 1464 598 1519; x_wconf 89' lang='lat' dir='ltr'>scripto,</span> <span class='ocrx_word' id='word_1_154' title='bbox 625 1464 679 1506; x_wconf 90' lang='lat' dir='ltr'>in</span> <span class='ocrx_word' id='word_1_155' title='bbox 706 1475 866 1518; x_wconf 93' lang='lat' dir='ltr'>quem</span> <span class='ocrx_word' id='word_1_156' title='bbox 893 1464 1294 1508; x_wconf 89' lang='lat' dir='ltr'>observationes</span> <span class='ocrx_word' id='word_1_157' title='bbox 1316 1464 1675 1519; x_wconf 90' lang='lat' dir='ltr'>transscripsit</span> <span class='ocrx_word' id='word_1_158' title='bbox 1692 1465 1828 1521; x_wconf 90' lang='lat' dir='ltr'>(Ant.</span> <span class='ocrx_word' id='word_1_159' title='bbox 1852 1466 1978 1508; x_wconf 94' lang='lat' dir='ltr'>Coll.</span> <span class='ocrx_word' id='word_1_160' title='bbox 2003 1466 2118 1521; x_wconf 90' lang='lat' dir='ltr'>Reg.</span> <span class='ocrx_word' id='word_1_161' title='bbox 2140 1466 2246 1522; x_wconf 89' lang='lat'>310)</span> <span class='ocrx_word' id='word_1_162' title='bbox 2265 1467 2400 1510; x_wconf 87' lang='lat' dir='ltr'>inter</span> 
     </span>
     <span class='ocr_line' id='line_1_17' title="bbox 196 1535 2399 1592; baseline -0 -11"><span class='ocrx_word' id='word_1_163' title='bbox 196 1537 446 1592; x_wconf 86' lang='lat' dir='ltr'>quaedam</span> <span class='ocrx_word' id='word_1_164' title='bbox 482 1536 578 1578; x_wconf 92' lang='lat' dir='ltr'>»ad</span> <span class='ocrx_word' id='word_1_165' title='bbox 611 1535 1050 1579; x_wconf 85' lang='lat' dir='ltr'>observationum</span> <span class='ocrx_word' id='word_1_166' title='bbox 1081 1535 1514 1589; x_wconf 87' lang='lat' dir='ltr'>Tychonicarum</span> <span class='ocrx_word' id='word_1_167' title='bbox 1551 1535 1917 1579; x_wconf 89' lang='lat' dir='ltr'>recensionem</span> <span class='ocrx_word' id='word_1_168' title='bbox 1958 1538 2288 1580; x_wconf 82' lang='lat' dir='ltr'>annotanda«</span> <span class='ocrx_word' id='word_1_169' title='bbox 2331 1539 2399 1580; x_wconf 91' lang='lat' dir='ltr'>ad</span> 
     </span>
     <span class='ocr_line' id='line_1_18' title="bbox 197 1606 2398 1661; baseline 0 -10"><span class='ocrx_word' id='word_1_170' title='bbox 197 1620 396 1652; x_wconf 90' lang='lat' dir='ltr'>annum</span> <span class='ocrx_word' id='word_1_171' title='bbox 420 1606 532 1650; x_wconf 90' lang='grc'><strong>1585</strong></span> <span class='ocrx_word' id='word_1_172' title='bbox 553 1606 850 1650; x_wconf 87' lang='lat' dir='ltr'>annotavit:</span> <span class='ocrx_word' id='word_1_173' title='bbox 884 1606 1079 1649; x_wconf 91' lang='lat' dir='ltr'>»Multa</span> <span class='ocrx_word' id='word_1_174' title='bbox 1098 1606 1184 1650; x_wconf 90' lang='lat' dir='ltr'>hic</span> <span class='ocrx_word' id='word_1_175' title='bbox 1205 1606 1553 1661; x_wconf 84' lang='lat' dir='ltr'>reperiuntur,</span> <span class='ocrx_word' id='word_1_176' title='bbox 1583 1619 1704 1661; x_wconf 86' lang='lat' dir='ltr'>quae</span> <span class='ocrx_word' id='word_1_177' title='bbox 1724 1607 1777 1650; x_wconf 90' lang='lat' dir='ltr'>in</span> <span class='ocrx_word' id='word_1_178' title='bbox 1798 1607 1902 1651; x_wconf 91' lang='lat' dir='ltr'>Ms⁰</span> <span class='ocrx_word' id='word_1_179' title='bbox 1922 1619 2030 1651; x_wconf 93' lang='lat' dir='ltr'>non</span> <span class='ocrx_word' id='word_1_180' title='bbox 2049 1608 2398 1660; x_wconf 81' lang='lat' dir='ltr'>inveniuntur,</span> 
     </span>
     <span class='ocr_line' id='line_1_19' title="bbox 195 1677 2400 1737; baseline 0 -15"><span class='ocrx_word' id='word_1_181' title='bbox 195 1679 421 1733; x_wconf 89' lang='lat' dir='ltr'>ideoque</span> <span class='ocrx_word' id='word_1_182' title='bbox 441 1689 548 1724; x_wconf 87' lang='lat' dir='ltr'>non</span> <span class='ocrx_word' id='word_1_183' title='bbox 568 1677 759 1732; x_wconf 88' lang='lat' dir='ltr'>corrigi</span> <span class='ocrx_word' id='word_1_184' title='bbox 779 1680 1064 1732; x_wconf 87' lang='lat' dir='ltr'>potuerunt</span> <span class='ocrx_word' id='word_1_185' title='bbox 1084 1677 1507 1729; x_wconf 90' lang='lat' dir='ltr'>convenienter«,</span> <span class='ocrx_word' id='word_1_186' title='bbox 1529 1689 1593 1721; x_wconf 93' lang='lat' dir='ltr'>ac</span> <span class='ocrx_word' id='word_1_187' title='bbox 1614 1678 1853 1722; x_wconf 89' lang='lat' dir='ltr'>similiter</span> <span class='ocrx_word' id='word_1_188' title='bbox 1873 1679 1942 1722; x_wconf 88' lang='lat' dir='ltr'>ad</span> <span class='ocrx_word' id='word_1_189' title='bbox 1962 1692 2163 1722; x_wconf 91' lang='lat' dir='ltr'>annum</span> <span class='ocrx_word' id='word_1_190' title='bbox 2181 1680 2293 1722; x_wconf 88' lang='lat'>1587</span> <span class='ocrx_word' id='word_1_191' title='bbox 2313 1680 2400 1737; x_wconf 91' lang='lat' dir='ltr'>(ad</span> 
     </span>
     <span class='ocr_line' id='line_1_20' title="bbox 196 1747 2402 1806; baseline 0 -13"><span class='ocrx_word' id='word_1_192' title='bbox 196 1749 262 1793; x_wconf 90' lang='lat' dir='ltr'>H.</span> <span class='ocrx_word' id='word_1_193' title='bbox 283 1748 339 1793; x_wconf 91' lang='lat' dir='ltr'>C.</span> <span class='ocrx_word' id='word_1_194' title='bbox 361 1761 411 1804; x_wconf 90' lang='lat' dir='ltr'>p.</span> <span class='ocrx_word' id='word_1_195' title='bbox 432 1749 539 1806; x_wconf 89' lang='lat'>293)</span> <span class='ocrx_word' id='word_1_196' title='bbox 559 1752 610 1792; x_wconf 90' lang='lat' dir='ltr'>et</span> <span class='ocrx_word' id='word_1_197' title='bbox 630 1749 700 1791; x_wconf 91' lang='lat' dir='ltr'>ad</span> <span class='ocrx_word' id='word_1_198' title='bbox 721 1761 767 1791; x_wconf 92' lang='lat' dir='ltr'>a.</span> <span class='ocrx_word' id='word_1_199' title='bbox 796 1748 908 1791; x_wconf 89' lang='lat'>1588</span> <span class='ocrx_word' id='word_1_200' title='bbox 927 1749 1017 1805; x_wconf 90' lang='lat' dir='ltr'>(ad</span> <span class='ocrx_word' id='word_1_201' title='bbox 1037 1748 1103 1793; x_wconf 89' lang='lat' dir='ltr'>H.</span> <span class='ocrx_word' id='word_1_202' title='bbox 1128 1747 1184 1792; x_wconf 90' lang='lat' dir='ltr'>C.</span> <span class='ocrx_word' id='word_1_203' title='bbox 1207 1761 1256 1803; x_wconf 91' lang='lat' dir='ltr'>p.</span> <span class='ocrx_word' id='word_1_204' title='bbox 1279 1748 1387 1792; x_wconf 88' lang='lat'>360:</span> <span class='ocrx_word' id='word_1_205' title='bbox 1414 1749 1694 1792; x_wconf 91' lang='lat' dir='ltr'>»Nondum</span> <span class='ocrx_word' id='word_1_206' title='bbox 1714 1750 1995 1804; x_wconf 87' lang='lat' dir='ltr'>exscriptae</span> <span class='ocrx_word' id='word_1_207' title='bbox 2015 1754 2137 1794; x_wconf 88' lang='lat' dir='ltr'>sunt</span> <span class='ocrx_word' id='word_1_208' title='bbox 2157 1751 2402 1794; x_wconf 91' lang='lat' dir='ltr'>observa-</span> 
     </span>
     <span class='ocr_line' id='line_1_21' title="bbox 195 1820 2401 1875; baseline 0 -11"><span class='ocrx_word' id='word_1_209' title='bbox 195 1821 365 1865; x_wconf 90' lang='lat' dir='ltr'>tiones</span> <span class='ocrx_word' id='word_1_210' title='bbox 379 1820 662 1863; x_wconf 89' lang='lat' dir='ltr'>Stellarum</span> <span class='ocrx_word' id='word_1_211' title='bbox 676 1820 926 1873; x_wconf 86' lang='lat' dir='ltr'>fixarum,</span> <span class='ocrx_word' id='word_1_212' title='bbox 943 1820 1067 1874; x_wconf 94' lang='lat' dir='ltr'>quia</span> <span class='ocrx_word' id='word_1_213' title='bbox 1081 1831 1189 1863; x_wconf 91' lang='lat' dir='ltr'>non</span> <span class='ocrx_word' id='word_1_214' title='bbox 1202 1820 1256 1863; x_wconf 91' lang='lat' dir='ltr'>in</span> <span class='ocrx_word' id='word_1_215' title='bbox 1271 1821 1407 1863; x_wconf 89' lang='lat' dir='ltr'>Ms⁰«</span> <span class='ocrx_word' id='word_1_216' title='bbox 1419 1820 1469 1875; x_wconf 86' lang='lat'>²).</span> <span class='ocrx_word' id='word_1_217' title='bbox 1493 1820 1623 1862; x_wconf 92' lang='lat' dir='ltr'>Mihi</span> <span class='ocrx_word' id='word_1_218' title='bbox 1637 1823 1818 1864; x_wconf 90' lang='lat' dir='ltr'>autem</span> <span class='ocrx_word' id='word_1_219' title='bbox 1833 1822 2230 1865; x_wconf 89' lang='lat' dir='ltr'>observationes</span> <span class='ocrx_word' id='word_1_220' title='bbox 2245 1823 2401 1866; x_wconf 91' lang='lat' dir='ltr'>edere</span> 
     </span>
     <span class='ocr_line' id='line_1_22' title="bbox 197 1891 2402 1947; baseline 0 -12"><span class='ocrx_word' id='word_1_221' title='bbox 197 1891 407 1947; x_wconf 90' lang='lat' dir='ltr'>paranti</span> <span class='ocrx_word' id='word_1_222' title='bbox 425 1891 551 1934; x_wconf 90' lang='lat' dir='ltr'>illud</span> <span class='ocrx_word' id='word_1_223' title='bbox 571 1892 728 1946; x_wconf 91' lang='lat' dir='ltr'>plane</span> <span class='ocrx_word' id='word_1_224' title='bbox 747 1891 985 1946; x_wconf 89' lang='lat' dir='ltr'>ignotum</span> <span class='ocrx_word' id='word_1_225' title='bbox 999 1895 1129 1944; x_wconf 91' lang='lat' dir='ltr'>erat,</span> <span class='ocrx_word' id='word_1_226' title='bbox 1152 1903 1278 1935; x_wconf 92' lang='lat' dir='ltr'>cum</span> <span class='ocrx_word' id='word_1_227' title='bbox 1292 1891 1436 1935; x_wconf 91' lang='lat' dir='ltr'>libris</span> <span class='ocrx_word' id='word_1_228' title='bbox 1451 1891 1756 1946; x_wconf 87' lang='lat' dir='ltr'>archetypis</span> <span class='ocrx_word' id='word_1_229' title='bbox 1771 1892 2207 1936; x_wconf 88' lang='lat' dir='ltr'>observationum</span> <span class='ocrx_word' id='word_1_230' title='bbox 2222 1906 2268 1936; x_wconf 94' lang='lat' dir='ltr'>a.</span> <span class='ocrx_word' id='word_1_231' title='bbox 2290 1894 2402 1936; x_wconf 90' lang='lat'>1582</span> 
     </span>
     <span class='ocr_line' id='line_1_23' title="bbox 198 1962 1170 2017; baseline -0.001 -10"><span class='ocrx_word' id='word_1_232' title='bbox 198 1967 250 2007; x_wconf 91' lang='lat' dir='ltr'>et</span> <span class='ocrx_word' id='word_1_233' title='bbox 268 1962 602 2017; x_wconf 87' lang='lat' dir='ltr'>sequentium</span> <span class='ocrx_word' id='word_1_234' title='bbox 623 1973 846 2017; x_wconf 90' lang='lat' dir='ltr'>operam</span> <span class='ocrx_word' id='word_1_235' title='bbox 867 1963 996 2006; x_wconf 91' lang='lat' dir='ltr'>dare</span> <span class='ocrx_word' id='word_1_236' title='bbox 1017 1963 1170 2017; x_wconf 87' lang='lat' dir='ltr'>coepi.</span> 
     </span>
    </p>

    <p class='ocr_par' dir='ltr' id='par_1_4' title="bbox 194 2033 2407 2658">
     <span class='ocr_line' id='line_1_24' title="bbox 270 2033 2400 2089; baseline 0.001 -12"><span class='ocrx_word' id='word_1_237' title='bbox 270 2034 534 2077; x_wconf 89' lang='lat' dir='ltr'>Deindea.</span> <span class='ocrx_word' id='word_1_238' title='bbox 556 2033 663 2077; x_wconf 88' lang='lat'>1671</span> <span class='ocrx_word' id='word_1_239' title='bbox 684 2034 1035 2077; x_wconf 90' lang='lat' dir='ltr'>IOHANNES</span> <span class='ocrx_word' id='word_1_240' title='bbox 1050 2034 1303 2086; x_wconf 86' lang='lat' dir='ltr'>PICARD,</span> <span class='ocrx_word' id='word_1_241' title='bbox 1326 2037 1666 2078; x_wconf 88' lang='lat' dir='ltr'>astronomus</span> <span class='ocrx_word' id='word_1_242' title='bbox 1680 2034 1908 2089; x_wconf 89' lang='lat' dir='ltr'>insignis,</span> <span class='ocrx_word' id='word_1_243' title='bbox 1929 2035 1982 2078; x_wconf 91' lang='lat' dir='ltr'>in</span> <span class='ocrx_word' id='word_1_244' title='bbox 2000 2036 2229 2079; x_wconf 88' lang='lat' dir='ltr'>Daniam</span> <span class='ocrx_word' id='word_1_245' title='bbox 2244 2037 2400 2089; x_wconf 90' lang='lat' dir='ltr'>venit,</span> 
     </span>
     <span class='ocr_line' id='line_1_25' title="bbox 198 2105 2401 2162; baseline 0 -13"><span class='ocrx_word' id='word_1_246' title='bbox 198 2109 256 2149; x_wconf 92' lang='lat' dir='ltr'>ut</span> <span class='ocrx_word' id='word_1_247' title='bbox 277 2105 595 2161; x_wconf 89' lang='lat' dir='ltr'>Uraniburgi</span> <span class='ocrx_word' id='word_1_248' title='bbox 615 2105 996 2160; x_wconf 87' lang='lat' dir='ltr'>longitudinem</span> <span class='ocrx_word' id='word_1_249' title='bbox 1016 2108 1069 2148; x_wconf 86' lang='lat' dir='ltr'>et</span> <span class='ocrx_word' id='word_1_250' title='bbox 1087 2105 1418 2149; x_wconf 89' lang='lat' dir='ltr'>latitudinem</span> <span class='ocrx_word' id='word_1_251' title='bbox 1438 2106 1830 2149; x_wconf 88' lang='lat' dir='ltr'>determinaret.</span> <span class='ocrx_word' id='word_1_252' title='bbox 1861 2106 1962 2157; x_wconf 88' lang='lat' dir='ltr'>Qui</span> <span class='ocrx_word' id='word_1_253' title='bbox 1987 2118 2112 2150; x_wconf 91' lang='lat' dir='ltr'>cum</span> <span class='ocrx_word' id='word_1_254' title='bbox 2139 2108 2401 2162; x_wconf 89' lang='lat' dir='ltr'>cognovit,</span> 
     </span>
     <span class='ocr_line' id='line_1_26' title="bbox 200 2176 2402 2232; baseline 0 -12"><span class='ocrx_word' id='word_1_255' title='bbox 200 2177 471 2232; x_wconf 91' lang='lat' dir='ltr'>quomodo</span> <span class='ocrx_word' id='word_1_256' title='bbox 498 2188 583 2220; x_wconf 89' lang='lat' dir='ltr'>res</span> <span class='ocrx_word' id='word_1_257' title='bbox 609 2188 667 2220; x_wconf 90' lang='lat' dir='ltr'>se</span> <span class='ocrx_word' id='word_1_258' title='bbox 692 2177 931 2228; x_wconf 89' lang='lat' dir='ltr'>haberet,</span> <span class='ocrx_word' id='word_1_259' title='bbox 958 2176 1141 2231; x_wconf 92' lang='lat' dir='ltr'>petivit</span> <span class='ocrx_word' id='word_1_260' title='bbox 1160 2179 1319 2231; x_wconf 87' lang='lat' dir='ltr'>atque</span> <span class='ocrx_word' id='word_1_261' title='bbox 1338 2176 1658 2231; x_wconf 90' lang='lat' dir='ltr'>impetravit,</span> <span class='ocrx_word' id='word_1_262' title='bbox 1685 2179 1742 2220; x_wconf 93' lang='lat' dir='ltr'>ut</span> <span class='ocrx_word' id='word_1_263' title='bbox 1767 2177 1866 2220; x_wconf 91' lang='lat' dir='ltr'>sibi</span> <span class='ocrx_word' id='word_1_264' title='bbox 1891 2177 2072 2220; x_wconf 88' lang='lat' dir='ltr'>liceret</span> <span class='ocrx_word' id='word_1_265' title='bbox 2098 2179 2402 2232; x_wconf 88' lang='lat' dir='ltr'>exemplum</span> 
     </span>
     <span class='ocr_line' id='line_1_27' title="bbox 200 2247 2404 2302; baseline -0 -10"><span class='ocrx_word' id='word_1_266' title='bbox 200 2247 651 2299; x_wconf 88' lang='lat' dir='ltr'>observationum,</span> <span class='ocrx_word' id='word_1_267' title='bbox 674 2247 819 2302; x_wconf 91' lang='lat' dir='ltr'>quod</span> <span class='ocrx_word' id='word_1_268' title='bbox 838 2247 1173 2291; x_wconf 88' lang='lat' dir='ltr'>Bartholinus</span> <span class='ocrx_word' id='word_1_269' title='bbox 1193 2247 1498 2291; x_wconf 88' lang='lat' dir='ltr'>faciendum</span> <span class='ocrx_word' id='word_1_270' title='bbox 1519 2248 1817 2299; x_wconf 85' lang='lat' dir='ltr'>curaverat,</span> <span class='ocrx_word' id='word_1_271' title='bbox 1838 2259 2023 2291; x_wconf 91' lang='lat' dir='ltr'>secum</span> <span class='ocrx_word' id='word_1_272' title='bbox 2038 2249 2302 2291; x_wconf 90' lang='lat' dir='ltr'>Lutetiam</span> <span class='ocrx_word' id='word_1_273' title='bbox 2317 2250 2404 2291; x_wconf 91' lang='lat' dir='ltr'>Pa-</span> 
     </span>
     <span class='ocr_line' id='line_1_28' title="bbox 200 2318 2403 2374; baseline 0 -11"><span class='ocrx_word' id='word_1_274' title='bbox 200 2319 447 2363; x_wconf 90' lang='lat' dir='ltr'>risiorum</span> <span class='ocrx_word' id='word_1_275' title='bbox 467 2322 758 2373; x_wconf 86' lang='lat' dir='ltr'>reportare,</span> <span class='ocrx_word' id='word_1_276' title='bbox 785 2321 843 2361; x_wconf 92' lang='lat' dir='ltr'>ut</span> <span class='ocrx_word' id='word_1_277' title='bbox 868 2318 1165 2373; x_wconf 92' lang='lat' dir='ltr'>sumptibus</span> <span class='ocrx_word' id='word_1_278' title='bbox 1186 2318 1332 2373; x_wconf 87' lang='lat' dir='ltr'>Regis</span> <span class='ocrx_word' id='word_1_279' title='bbox 1353 2318 1686 2362; x_wconf 90' lang='lat' dir='ltr'>LUDOVICI</span> <span class='ocrx_word' id='word_1_280' title='bbox 1707 2319 1826 2361; x_wconf 93' lang='lat' dir='ltr'>XIV</span> <span class='ocrx_word' id='word_1_281' title='bbox 1847 2320 2245 2363; x_wconf 91' lang='lat' dir='ltr'>observationes</span> <span class='ocrx_word' id='word_1_282' title='bbox 2264 2319 2403 2374; x_wconf 90' lang='lat' dir='ltr'>typis</span> 
     </span>
     <span class='ocr_line' id='line_1_29' title="bbox 201 2389 2402 2445; baseline -0.001 -11"><span class='ocrx_word' id='word_1_283' title='bbox 201 2390 578 2434; x_wconf 89' lang='lat' dir='ltr'>describendas</span> <span class='ocrx_word' id='word_1_284' title='bbox 606 2391 859 2433; x_wconf 89' lang='lat' dir='ltr'>curaret.³</span> <span class='ocrx_word' id='word_1_285' title='bbox 889 2389 1079 2433; x_wconf 92' lang='lat' dir='ltr'>Libros</span> <span class='ocrx_word' id='word_1_286' title='bbox 1105 2401 1234 2433; x_wconf 90' lang='lat' dir='ltr'>vero</span> <span class='ocrx_word' id='word_1_287' title='bbox 1262 2390 1600 2444; x_wconf 91' lang='lat' dir='ltr'>archetypos,</span> <span class='ocrx_word' id='word_1_288' title='bbox 1630 2392 1688 2432; x_wconf 92' lang='lat' dir='ltr'>ut</span> <span class='ocrx_word' id='word_1_289' title='bbox 1717 2390 1785 2432; x_wconf 90' lang='lat' dir='ltr'>ad</span> <span class='ocrx_word' id='word_1_290' title='bbox 1815 2401 1908 2433; x_wconf 92' lang='lat' dir='ltr'>eos</span> <span class='ocrx_word' id='word_1_291' title='bbox 1935 2401 2067 2444; x_wconf 92' lang='lat' dir='ltr'>opus</span> <span class='ocrx_word' id='word_1_292' title='bbox 2094 2390 2402 2445; x_wconf 85' lang='lat' dir='ltr'>exigeretur,</span> 
     </span>
     <span class='ocr_line' id='line_1_30' title="bbox 194 2461 2403 2518; baseline -0.001 -13"><span class='ocrx_word' id='word_1_293' title='bbox 194 2462 373 2518; x_wconf 72' lang='lat' dir='ltr'>Jussus</span> <span class='ocrx_word' id='word_1_294' title='bbox 399 2465 478 2505; x_wconf 88' lang='lat' dir='ltr'>est</span> <span class='ocrx_word' id='word_1_295' title='bbox 503 2461 839 2505; x_wconf 89' lang='lat' dir='ltr'>Bartholinus</span> <span class='ocrx_word' id='word_1_296' title='bbox 864 2462 1077 2504; x_wconf 89' lang='lat' dir='ltr'>tradere</span> <span class='ocrx_word' id='word_1_297' title='bbox 1103 2461 1291 2504; x_wconf 91' lang='lat' dir='ltr'><strong>OLAO</strong></span> <span class='ocrx_word' id='word_1_298' title='bbox 1319 2461 1634 2512; x_wconf 91' lang='lat' dir='ltr'>ROEMERO,</span> <span class='ocrx_word' id='word_1_299' title='bbox 1666 2461 1752 2504; x_wconf 91' lang='lat' dir='ltr'>cui</span> <span class='ocrx_word' id='word_1_300' title='bbox 1776 2464 2115 2515; x_wconf 89' lang='lat' dir='ltr'>persuaserat</span> <span class='ocrx_word' id='word_1_301' title='bbox 2139 2461 2403 2513; x_wconf 90' lang='lat' dir='ltr'>Picardus,</span> 
     </span>
     <span class='ocr_line' id='line_1_31' title="bbox 200 2531 2405 2586; baseline -0.001 -9"><span class='ocrx_word' id='word_1_302' title='bbox 200 2537 259 2577; x_wconf 91' lang='lat' dir='ltr'>ut</span> <span class='ocrx_word' id='word_1_303' title='bbox 271 2544 458 2577; x_wconf 91' lang='lat' dir='ltr'>secum</span> <span class='ocrx_word' id='word_1_304' title='bbox 473 2532 738 2575; x_wconf 87' lang='lat' dir='ltr'>Lutetiam</span> <span class='ocrx_word' id='word_1_305' title='bbox 752 2531 1194 2586; x_wconf 89' lang='lat' dir='ltr'>proficisceretur.</span> <span class='ocrx_word' id='word_1_306' title='bbox 1218 2532 1326 2575; x_wconf 92' lang='lat' dir='ltr'>Illic</span> <span class='ocrx_word' id='word_1_307' title='bbox 1341 2543 1471 2575; x_wconf 92' lang='lat' dir='ltr'>vero</span> <span class='ocrx_word' id='word_1_308' title='bbox 1486 2532 1755 2586; x_wconf 83' lang='lat' dir='ltr'>negotium</span> <span class='ocrx_word' id='word_1_309' title='bbox 1772 2531 1918 2574; x_wconf 91' lang='lat' dir='ltr'>haud</span> <span class='ocrx_word' id='word_1_310' title='bbox 1931 2531 2087 2576; x_wconf 87' lang='lat' dir='ltr'>facile</span> <span class='ocrx_word' id='word_1_311' title='bbox 2102 2532 2405 2586; x_wconf 87' lang='lat' dir='ltr'>expeditum</span> 
     </span>
     <span class='ocr_line' id='line_1_32' title="bbox 202 2602 2407 2658; baseline -0 -11"><span class='ocrx_word' id='word_1_312' title='bbox 202 2607 298 2656; x_wconf 86' lang='lat' dir='ltr'>est,</span> <span class='ocrx_word' id='word_1_313' title='bbox 324 2615 496 2658; x_wconf 92' lang='lat' dir='ltr'>neque</span> <span class='ocrx_word' id='word_1_314' title='bbox 523 2606 645 2646; x_wconf 89' lang='lat' dir='ltr'>ante</span> <span class='ocrx_word' id='word_1_315' title='bbox 672 2603 721 2646; x_wconf 92' lang='lat' dir='ltr'>d.</span> <span class='ocrx_word' id='word_1_316' title='bbox 749 2604 776 2646; x_wconf 92' lang='lat'>7</span> <span class='ocrx_word' id='word_1_317' title='bbox 803 2615 873 2645; x_wconf 91' lang='lat' dir='ltr'>m.</span> <span class='ocrx_word' id='word_1_318' title='bbox 903 2603 1030 2646; x_wconf 93' lang='lat' dir='ltr'>Dec.</span> <span class='ocrx_word' id='word_1_319' title='bbox 1060 2615 1107 2646; x_wconf 89' lang='lat' dir='ltr'>a.</span> <span class='ocrx_word' id='word_1_320' title='bbox 1134 2602 1247 2646; x_wconf 92' lang='lat'>1680</span> <span class='ocrx_word' id='word_1_321' title='bbox 1266 2602 1561 2646; x_wconf 88' lang='lat' dir='ltr'>Academia</span> <span class='ocrx_word' id='word_1_322' title='bbox 1587 2602 1937 2646; x_wconf 81' lang='lat' dir='ltr'>scientiarum</span> <span class='ocrx_word' id='word_1_323' title='bbox 1965 2616 1998 2646; x_wconf 91' lang='lat' dir='ltr'>a</span> <span class='ocrx_word' id='word_1_324' title='bbox 2025 2602 2269 2647; x_wconf 89' lang='lat' dir='ltr'>Colberto</span> <span class='ocrx_word' id='word_1_325' title='bbox 2297 2615 2407 2647; x_wconf 92' lang='lat' dir='ltr'>sen-</span> 
     </span>
    </p>
   </div>
   <div class='ocr_carea' id='block_1_3' title="bbox 205 2747 2410 3326">
    <p class='ocr_par' dir='ltr' id='par_1_5' title="bbox 276 2747 871 2791">
     <span class='ocr_line' id='line_1_33' title="bbox 276 2747 871 2791; baseline -0.003 -8"><span class='ocrx_word' id='word_1_326' title='bbox 276 2749 288 2774; x_wconf 94' lang='lat'>1</span> <span class='ocrx_word' id='word_1_327' title='bbox 309 2747 400 2783; x_wconf 89' lang='lat' dir='ltr'>Vid.</span> <span class='ocrx_word' id='word_1_328' title='bbox 414 2747 713 2783; x_wconf 77' lang='lat' dir='ltr'>WERLAUFF</span> <span class='ocrx_word' id='word_1_329' title='bbox 731 2757 770 2791; x_wconf 87' lang='lat' dir='ltr'>p.</span> <span class='ocrx_word' id='word_1_330' title='bbox 790 2747 871 2782; x_wconf 84' lang='lat'>411.</span> 
     </span>
    </p>

    <p class='ocr_par' dir='ltr' id='par_1_6' title="bbox 205 2804 2409 2971">
     <span class='ocr_line' id='line_1_34' title="bbox 274 2804 2407 2851; baseline -0 -9"><span class='ocrx_word' id='word_1_331' title='bbox 274 2807 291 2833; x_wconf 88' lang='lat'><strong>2</strong></span> <span class='ocrx_word' id='word_1_332' title='bbox 311 2805 508 2842; x_wconf 87' lang='lat' dir='ltr'>Similiter</span> <span class='ocrx_word' id='word_1_333' title='bbox 528 2805 572 2841; x_wconf 90' lang='lat' dir='ltr'>in</span> <span class='ocrx_word' id='word_1_334' title='bbox 593 2806 782 2851; x_wconf 86' lang='lat' dir='ltr'>exemplo</span> <span class='ocrx_word' id='word_1_335' title='bbox 803 2816 881 2841; x_wconf 93' lang='lat' dir='ltr'>suo</span> <span class='ocrx_word' id='word_1_336' title='bbox 902 2806 1104 2841; x_wconf 84' lang='lat' dir='ltr'>Historiae</span> <span class='ocrx_word' id='word_1_337' title='bbox 1128 2804 1330 2841; x_wconf 78' lang='lat' dir='ltr'>CoelestiS</span> <span class='ocrx_word' id='word_1_338' title='bbox 1350 2807 1532 2841; x_wconf 86' lang='lat' dir='ltr'>correcto</span> <span class='ocrx_word' id='word_1_339' title='bbox 1552 2806 1662 2846; x_wconf 82' lang='lat' dir='ltr'>(Ant.</span> <span class='ocrx_word' id='word_1_340' title='bbox 1679 2806 1784 2842; x_wconf 88' lang='lat' dir='ltr'>Coll.</span> <span class='ocrx_word' id='word_1_341' title='bbox 1803 2807 1897 2851; x_wconf 86' lang='lat' dir='ltr'>Reg.</span> <span class='ocrx_word' id='word_1_342' title='bbox 1912 2806 1997 2849; x_wconf 90' lang='grc'>308)</span> <span class='ocrx_word' id='word_1_343' title='bbox 2020 2806 2075 2842; x_wconf 85' lang='lat' dir='ltr'>ad</span> <span class='ocrx_word' id='word_1_344' title='bbox 2094 2805 2407 2841; x_wconf 85' lang='lat' dir='ltr'>observationes</span> 
     </span>
     <span class='ocr_line' id='line_1_35' title="bbox 205 2863 2409 2910; baseline -0.001 -8"><span class='ocrx_word' id='word_1_345' title='bbox 205 2866 421 2903; x_wconf 86' lang='lat' dir='ltr'>stellarum</span> <span class='ocrx_word' id='word_1_346' title='bbox 441 2865 618 2901; x_wconf 86' lang='lat' dir='ltr'>fixarum</span> <span class='ocrx_word' id='word_1_347' title='bbox 640 2865 742 2901; x_wconf 85' lang='lat' dir='ltr'>anni</span> <span class='ocrx_word' id='word_1_348' title='bbox 766 2865 855 2901; x_wconf 88' lang='grc'><strong>1587</strong></span> <span class='ocrx_word' id='word_1_349' title='bbox 876 2864 1096 2910; x_wconf 85' lang='lat' dir='ltr'>adscripsit</span> <span class='ocrx_word' id='word_1_350' title='bbox 1117 2864 1170 2909; x_wconf 92' lang='lat' dir='ltr'>(p.</span> <span class='ocrx_word' id='word_1_351' title='bbox 1191 2865 1295 2907; x_wconf 87' lang='lat'>312):</span> <span class='ocrx_word' id='word_1_352' title='bbox 1328 2865 1453 2901; x_wconf 82' lang='lat' dir='ltr'>»Haec</span> <span class='ocrx_word' id='word_1_353' title='bbox 1473 2864 1665 2900; x_wconf 91' lang='lat' dir='ltr'>nondum</span> <span class='ocrx_word' id='word_1_354' title='bbox 1686 2864 1887 2910; x_wconf 86' lang='lat' dir='ltr'>exscripta</span> <span class='ocrx_word' id='word_1_355' title='bbox 1906 2864 2006 2910; x_wconf 86' lang='lat' dir='ltr'>quia</span> <span class='ocrx_word' id='word_1_356' title='bbox 2026 2875 2114 2901; x_wconf 87' lang='lat' dir='ltr'>non</span> <span class='ocrx_word' id='word_1_357' title='bbox 2134 2863 2178 2900; x_wconf 91' lang='lat' dir='ltr'>in</span> <span class='ocrx_word' id='word_1_358' title='bbox 2200 2865 2306 2905; x_wconf 88' lang='lat' dir='ltr'>Ms0,</span> <span class='ocrx_word' id='word_1_359' title='bbox 2334 2864 2409 2900; x_wconf 90' lang='lat' dir='ltr'>sed</span> 
     </span>
     <span class='ocr_line' id='line_1_36' title="bbox 205 2923 971 2971; baseline -0.003 -10"><span class='ocrx_word' id='word_1_360' title='bbox 205 2927 384 2971; x_wconf 87' lang='lat' dir='ltr'>possunt</span> <span class='ocrx_word' id='word_1_361' title='bbox 401 2927 543 2961; x_wconf 85' lang='lat' dir='ltr'>tamen</span> <span class='ocrx_word' id='word_1_362' title='bbox 563 2924 736 2970; x_wconf 87' lang='lat' dir='ltr'>reliquis</span> <span class='ocrx_word' id='word_1_363' title='bbox 758 2923 971 2970; x_wconf 77' lang='lat' dir='ltr'>adiungi«.</span> 
     </span>
    </p>

    <p class='ocr_par' dir='ltr' id='par_1_7' title="bbox 206 2982 2410 3326">
     <span class='ocr_line' id='line_1_37' title="bbox 276 2982 2407 3029; baseline -0.001 -9"><span class='ocrx_word' id='word_1_364' title='bbox 276 2985 293 3011; x_wconf 88' lang='grc'>3</span> <span class='ocrx_word' id='word_1_365' title='bbox 314 2983 395 3020; x_wconf 87' lang='lat' dir='ltr'>His</span> <span class='ocrx_word' id='word_1_366' title='bbox 414 2983 563 3025; x_wconf 87' lang='lat' dir='ltr'>verbis,</span> <span class='ocrx_word' id='word_1_367' title='bbox 591 2995 686 3029; x_wconf 84' lang='lat' dir='ltr'>quae</span> <span class='ocrx_word' id='word_1_368' title='bbox 705 2983 989 3028; x_wconf 86' lang='lat' dir='ltr'>transscripsit</span> <span class='ocrx_word' id='word_1_369' title='bbox 1008 2982 1279 3019; x_wconf 86' lang='lat' dir='ltr'>Bartholinus</span> <span class='ocrx_word' id='word_1_370' title='bbox 1300 2982 1344 3018; x_wconf 91' lang='lat' dir='ltr'>in</span> <span class='ocrx_word' id='word_1_371' title='bbox 1365 2982 1554 3019; x_wconf 91' lang='lat' dir='ltr'>codicem</span> <span class='ocrx_word' id='word_1_372' title='bbox 1575 2994 1702 3019; x_wconf 91' lang='lat' dir='ltr'>suum</span> <span class='ocrx_word' id='word_1_373' title='bbox 1724 2984 1840 3027; x_wconf 87' lang='lat'>(310),</span> <span class='ocrx_word' id='word_1_374' title='bbox 1866 2983 1996 3019; x_wconf 89' lang='lat' dir='ltr'>libros</span> <span class='ocrx_word' id='word_1_375' title='bbox 2023 2986 2215 3028; x_wconf 85' lang='lat' dir='ltr'>acceptos</span> <span class='ocrx_word' id='word_1_376' title='bbox 2237 2985 2407 3019; x_wconf 86' lang='lat' dir='ltr'>testatus</span> 
     </span>
     <span class='ocr_line' id='line_1_38' title="bbox 206 3042 2409 3088; baseline -0.001 -9"><span class='ocrx_word' id='word_1_377' title='bbox 206 3046 284 3080; x_wconf 84' lang='lat' dir='ltr'>est:</span> <span class='ocrx_word' id='word_1_378' title='bbox 311 3044 375 3079; x_wconf 81' lang='lat' dir='ltr'>»Ie</span> <span class='ocrx_word' id='word_1_379' title='bbox 396 3043 588 3080; x_wconf 83' lang='lat' dir='ltr'>confesse</span> <span class='ocrx_word' id='word_1_380' title='bbox 609 3043 729 3079; x_wconf 85' lang='lat' dir='ltr'>auoir</span> <span class='ocrx_word' id='word_1_381' title='bbox 748 3054 871 3079; x_wconf 88' lang='lat' dir='ltr'>receu</span> <span class='ocrx_word' id='word_1_382' title='bbox 893 3044 944 3079; x_wconf 90' lang='lat' dir='ltr'>de</span> <span class='ocrx_word' id='word_1_383' title='bbox 967 3042 1189 3078; x_wconf 86' lang='lat' dir='ltr'>Monsieur</span> <span class='ocrx_word' id='word_1_384' title='bbox 1210 3043 1382 3078; x_wconf 88' lang='lat' dir='ltr'>Erasme</span> <span class='ocrx_word' id='word_1_385' title='bbox 1402 3042 1618 3078; x_wconf 83' lang='lat' dir='ltr'>Bartholin</span> <span class='ocrx_word' id='word_1_386' title='bbox 1638 3042 1700 3078; x_wconf 92' lang='lat' dir='ltr'>les</span> <span class='ocrx_word' id='word_1_387' title='bbox 1721 3042 2020 3078; x_wconf 86' lang='lat' dir='ltr'>Observations</span> <span class='ocrx_word' id='word_1_388' title='bbox 2041 3043 2092 3078; x_wconf 91' lang='lat' dir='ltr'>de</span> <span class='ocrx_word' id='word_1_389' title='bbox 2111 3042 2255 3088; x_wconf 87' lang='lat' dir='ltr'>Tycho</span> <span class='ocrx_word' id='word_1_390' title='bbox 2275 3042 2409 3078; x_wconf 87' lang='lat' dir='ltr'>Brahe</span> 
     </span>
     <span class='ocr_line' id='line_1_39' title="bbox 207 3101 2408 3148; baseline -0.001 -10"><span class='ocrx_word' id='word_1_391' title='bbox 207 3102 374 3139; x_wconf 85' lang='lat' dir='ltr'>escrites</span> <span class='ocrx_word' id='word_1_392' title='bbox 396 3113 450 3138; x_wconf 81' lang='lat' dir='ltr'>au</span> <span class='ocrx_word' id='word_1_393' title='bbox 472 3105 542 3138; x_wconf 89' lang='lat' dir='ltr'>net</span> <span class='ocrx_word' id='word_1_394' title='bbox 560 3114 614 3138; x_wconf 91' lang='lat' dir='ltr'>en</span> <span class='ocrx_word' id='word_1_395' title='bbox 634 3102 732 3148; x_wconf 90' lang='lat' dir='ltr'>cinq</span> <span class='ocrx_word' id='word_1_396' title='bbox 745 3102 948 3138; x_wconf 86' lang='lat' dir='ltr'>Volumes</span> <span class='ocrx_word' id='word_1_397' title='bbox 969 3102 1013 3137; x_wconf 91' lang='lat' dir='ltr'>in</span> <span class='ocrx_word' id='word_1_398' title='bbox 1033 3101 1146 3142; x_wconf 84' lang='lat' dir='ltr'>folio,</span> <span class='ocrx_word' id='word_1_399' title='bbox 1168 3101 1318 3146; x_wconf 90' lang='lat' dir='ltr'>depuis</span> <span class='ocrx_word' id='word_1_400' title='bbox 1338 3102 1503 3138; x_wconf 81' lang='lat' dir='ltr'>l&#39;annee</span> <span class='ocrx_word' id='word_1_401' title='bbox 1527 3103 1627 3142; x_wconf 87' lang='lat'>1563,</span> <span class='ocrx_word' id='word_1_402' title='bbox 1645 3101 1823 3147; x_wconf 85' lang='lat' dir='ltr'>jusques</span> <span class='ocrx_word' id='word_1_403' title='bbox 1844 3101 1869 3137; x_wconf 77' lang='grc' dir='ltr'><em>ὲ</em></span> <span class='ocrx_word' id='word_1_404' title='bbox 1892 3102 1991 3142; x_wconf 85' lang='grc'><strong>1601,</strong></span> <span class='ocrx_word' id='word_1_405' title='bbox 2013 3112 2117 3138; x_wconf 88' lang='lat' dir='ltr'>auec</span> <span class='ocrx_word' id='word_1_406' title='bbox 2130 3102 2191 3137; x_wconf 90' lang='lat' dir='ltr'>les</span> <span class='ocrx_word' id='word_1_407' title='bbox 2206 3101 2408 3136; x_wconf 87' lang='lat' dir='ltr'>Observa—</span> 
     </span>
     <span class='ocr_line' id='line_1_40' title="bbox 207 3160 2410 3207; baseline -0.001 -10"><span class='ocrx_word' id='word_1_408' title='bbox 207 3161 318 3198; x_wconf 89' lang='lat' dir='ltr'>tions</span> <span class='ocrx_word' id='word_1_409' title='bbox 338 3162 413 3198; x_wconf 90' lang='lat' dir='ltr'>des</span> <span class='ocrx_word' id='word_1_410' title='bbox 433 3162 639 3202; x_wconf 88' lang='lat' dir='ltr'>Cometes,</span> <span class='ocrx_word' id='word_1_411' title='bbox 661 3161 685 3197; x_wconf 75' lang='lat' dir='ltr'>a</span> <span class='ocrx_word' id='word_1_412' title='bbox 705 3161 921 3197; x_wconf 87' lang='lat' dir='ltr'>condition</span> <span class='ocrx_word' id='word_1_413' title='bbox 942 3161 1116 3207; x_wconf 87' lang='lat' dir='ltr'>qu’elles</span> <span class='ocrx_word' id='word_1_414' title='bbox 1137 3163 1278 3196; x_wconf 90' lang='lat' dir='ltr'>seront</span> <span class='ocrx_word' id='word_1_415' title='bbox 1298 3160 1537 3206; x_wconf 74' lang='lat' dir='ltr'>imprimees</span> <span class='ocrx_word' id='word_1_416' title='bbox 1558 3172 1583 3196; x_wconf 85' lang='lat' dir='ltr'>a</span> <span class='ocrx_word' id='word_1_417' title='bbox 1604 3160 1715 3196; x_wconf 86' lang='lat' dir='ltr'>Paris</span> <span class='ocrx_word' id='word_1_418' title='bbox 1737 3172 1791 3196; x_wconf 89' lang='lat' dir='ltr'>au</span> <span class='ocrx_word' id='word_1_419' title='bbox 1813 3162 1947 3197; x_wconf 88' lang='lat' dir='ltr'>Loure</span> <span class='ocrx_word' id='word_1_420' title='bbox 1968 3172 2047 3196; x_wconf 86' lang='lat' dir='ltr'>aux</span> <span class='ocrx_word' id='word_1_421' title='bbox 2067 3161 2227 3205; x_wconf 85' lang='lat' dir='ltr'>depans</span> <span class='ocrx_word' id='word_1_422' title='bbox 2248 3160 2304 3195; x_wconf 88' lang='lat' dir='ltr'>du</span> <span class='ocrx_word' id='word_1_423' title='bbox 2323 3160 2410 3204; x_wconf 93' lang='lat' dir='ltr'>Roy</span> 
     </span>
     <span class='ocr_line' id='line_1_41' title="bbox 209 3218 2409 3267; baseline -0.001 -10"><span class='ocrx_word' id='word_1_424' title='bbox 209 3221 261 3257; x_wconf 90' lang='lat' dir='ltr'>de</span> <span class='ocrx_word' id='word_1_425' title='bbox 288 3221 455 3262; x_wconf 87' lang='lat' dir='ltr'>France,</span> <span class='ocrx_word' id='word_1_426' title='bbox 481 3224 520 3257; x_wconf 91' lang='lat' dir='ltr'>et</span> <span class='ocrx_word' id='word_1_427' title='bbox 546 3225 673 3267; x_wconf 88' lang='lat' dir='ltr'>qvant</span> <span class='ocrx_word' id='word_1_428' title='bbox 699 3220 723 3256; x_wconf 76' lang='lat' dir='ltr'>a</span> <span class='ocrx_word' id='word_1_429' title='bbox 749 3221 790 3256; x_wconf 88' lang='lat' dir='ltr'>la</span> <span class='ocrx_word' id='word_1_430' title='bbox 816 3220 1054 3256; x_wconf 89' lang='lat' dir='ltr'>dedication</span> <span class='ocrx_word' id='word_1_431' title='bbox 1080 3223 1119 3256; x_wconf 89' lang='lat' dir='ltr'>et</span> <span class='ocrx_word' id='word_1_432' title='bbox 1144 3220 1308 3265; x_wconf 77' lang='lat' dir='ltr'>preface</span> <span class='ocrx_word' id='word_1_433' title='bbox 1328 3220 1431 3256; x_wconf 89' lang='lat' dir='ltr'>elles</span> <span class='ocrx_word' id='word_1_434' title='bbox 1452 3223 1592 3255; x_wconf 90' lang='lat' dir='ltr'>seront</span> <span class='ocrx_word' id='word_1_435' title='bbox 1610 3219 1730 3255; x_wconf 74' lang='lat' dir='ltr'>faites</span> <span class='ocrx_word' id='word_1_436' title='bbox 1749 3230 1824 3264; x_wconf 83' lang='lat' dir='ltr'>par</span> <span class='ocrx_word' id='word_1_437' title='bbox 1843 3220 1882 3255; x_wconf 92' lang='lat' dir='ltr'>le</span> <span class='ocrx_word' id='word_1_438' title='bbox 1903 3219 1962 3255; x_wconf 85' lang='lat' dir='ltr'>dit</span> <span class='ocrx_word' id='word_1_439' title='bbox 1981 3219 2100 3255; x_wconf 88' lang='lat' dir='ltr'>Sieur</span> <span class='ocrx_word' id='word_1_440' title='bbox 2120 3218 2346 3255; x_wconf 87' lang='lat' dir='ltr'>Bartholin.</span> <span class='ocrx_word' id='word_1_441' title='bbox 2368 3219 2409 3253; x_wconf 91' lang='lat' dir='ltr'>Ie</span> 
     </span>
     <span class='ocr_line' id='line_1_42' title="bbox 208 3277 2410 3326; baseline -0.001 -11"><span class='ocrx_word' id='word_1_442' title='bbox 208 3282 391 3325; x_wconf 85' lang='lat' dir='ltr'>promets</span> <span class='ocrx_word' id='word_1_443' title='bbox 411 3290 542 3326; x_wconf 86' lang='lat' dir='ltr'>aussy</span> <span class='ocrx_word' id='word_1_444' title='bbox 561 3280 899 3326; x_wconf 87' lang='lat' dir='ltr'>qu&#39;incontinant</span> <span class='ocrx_word' id='word_1_445' title='bbox 918 3290 1039 3324; x_wconf 86' lang='lat' dir='ltr'>aprez</span> <span class='ocrx_word' id='word_1_446' title='bbox 1058 3279 1275 3325; x_wconf 87' lang='lat' dir='ltr'>l’ouurage</span> <span class='ocrx_word' id='word_1_447' title='bbox 1296 3279 1452 3316; x_wconf 73' lang='lat' dir='ltr'>acheve</span> <span class='ocrx_word' id='word_1_448' title='bbox 1474 3278 1739 3323; x_wconf 87' lang='lat' dir='ltr'>d’imprimer‚</span> <span class='ocrx_word' id='word_1_449' title='bbox 1766 3278 1795 3314; x_wconf 92' lang='lat' dir='ltr'>il</span> <span class='ocrx_word' id='word_1_450' title='bbox 1822 3290 1875 3314; x_wconf 87' lang='lat' dir='ltr'>en</span> <span class='ocrx_word' id='word_1_451' title='bbox 1903 3289 1995 3314; x_wconf 89' lang='lat' dir='ltr'>sera</span> <span class='ocrx_word' id='word_1_452' title='bbox 2014 3278 2169 3323; x_wconf 84' lang='lat' dir='ltr'>fourny</span> <span class='ocrx_word' id='word_1_453' title='bbox 2189 3277 2410 3323; x_wconf 89' lang='lat' dir='ltr'>cinqvante</span> 
     </span>
    </p>
   </div>
   <div class='ocr_carea' id='block_1_4' title="bbox 209 3334 2409 3435">
    <p class='ocr_par' dir='ltr' id='par_1_8' title="bbox 209 3334 2409 3435">
     <span class='ocr_line' id='line_1_43' title="bbox 209 3334 2409 3385; baseline -0.002 -10"><span class='ocrx_word' id='word_1_454' title='bbox 209 3339 492 3384; x_wconf 83' lang='lat' dir='ltr'>exemplaires,</span> <span class='ocrx_word' id='word_1_455' title='bbox 519 3339 592 3385; x_wconf 90' lang='lat' dir='ltr'>qui</span> <span class='ocrx_word' id='word_1_456' title='bbox 619 3342 760 3375; x_wconf 89' lang='lat' dir='ltr'>seront</span> <span class='ocrx_word' id='word_1_457' title='bbox 785 3339 866 3375; x_wconf 87' lang='lat' dir='ltr'>mis</span> <span class='ocrx_word' id='word_1_458' title='bbox 886 3341 1000 3374; x_wconf 88' lang='lat' dir='ltr'>entre</span> <span class='ocrx_word' id='word_1_459' title='bbox 1018 3339 1081 3374; x_wconf 90' lang='lat' dir='ltr'>les</span> <span class='ocrx_word' id='word_1_460' title='bbox 1101 3338 1241 3374; x_wconf 88' lang='lat' dir='ltr'>mains</span> <span class='ocrx_word' id='word_1_461' title='bbox 1262 3339 1314 3374; x_wconf 91' lang='lat' dir='ltr'>de</span> <span class='ocrx_word' id='word_1_462' title='bbox 1334 3338 1407 3384; x_wconf 87' lang='lat' dir='ltr'>qui</span> <span class='ocrx_word' id='word_1_463' title='bbox 1427 3339 1512 3374; x_wconf 85' lang='lat' dir='ltr'>l&#39;on</span> <span class='ocrx_word' id='word_1_464' title='bbox 1531 3338 1703 3374; x_wconf 86' lang='lat' dir='ltr'>voudra.</span> <span class='ocrx_word' id='word_1_465' title='bbox 1731 3337 1818 3374; x_wconf 86' lang='lat' dir='ltr'>Fait</span> <span class='ocrx_word' id='word_1_466' title='bbox 1839 3349 1864 3374; x_wconf 86' lang='lat' dir='ltr'>a</span> <span class='ocrx_word' id='word_1_467' title='bbox 1884 3338 2172 3382; x_wconf 86' lang='lat' dir='ltr'>Copenhague</span> <span class='ocrx_word' id='word_1_468' title='bbox 2192 3337 2231 3372; x_wconf 89' lang='lat' dir='ltr'>le</span> <span class='ocrx_word' id='word_1_469' title='bbox 2250 3338 2272 3372; x_wconf 89' lang='lat'>2</span> <span class='ocrx_word' id='word_1_470' title='bbox 2291 3334 2409 3371; x_wconf 83' lang='lat' dir='ltr'>Auril</span> 
     </span>
     <span class='ocr_line' id='line_1_44' title="bbox 214 3398 511 3435; baseline -0.007 -2"><span class='ocrx_word' id='word_1_471' title='bbox 214 3399 314 3434; x_wconf 88' lang='lat'>1672.</span> <span class='ocrx_word' id='word_1_472' title='bbox 336 3398 511 3435; x_wconf 83' lang='lat' dir='ltr'>Picard.«</span> 
     </span>
    </p>
   </div>
  </div>
 </body>
</html>
