2742 4204
401 332 503 382 274

1414 325 1538 376 1583

585 465 1017 528 SEQUUNTU
1050 467 1061 479 ’“
1092 462 1617 515 ALTITUDINES
1643 461 1782 512 PER
1806 459 2356 511 TYCHONICUM

1163 544 1259 595 ET
1284 541 1798 595 SEXTANTEM.¹

678 647 788 689 DIE
812 647 829 689 1
849 646 1172 698 JANUARIJ.

399 718 492 759 Per
510 717 882 769 Tychonicum.

400 775 497 817 Alt.
520 773 676 828 praec.
699 775 750 815 in
769 773 988 815 Ardturo
1100 772 1157 814 54
1187 772 1267 817 36}
1280 774 1380 813 vet.

1097 830 1152 871 54
1183 830 1240 871 36
1259 839 1399 870 nouo

400 890 498 932 Alt.
520 888 722 931 Ard’turi
743 889 923 931 Merid.
1096 889 1152 928 55
1183 886 1240 928 28
1259 889 1359 928 vet.

1098 946 1153 986 55
1184 944 1265 989 27³}

673 1074 783 1115 DIE
802 1073 829 1115 9
844 1071 1166 1123 JANUARIJ.

400 1144 493 1186 Per
510 1143 882 1196 Tychonicum.

402 1201 551 1243 Canis
572 1201 742 1243 minor
760 1201 811 1242 in
831 1199 1010 1242 merid.
1101 1198 1158 1239 40
1193 1196 1264 1242 183

401 1259 531 1301 Sura
552 1259 723 1302 Bootis
1100 1255 1157 1297 54
1187 1255 1244 1297 36
1263 1256 1363 1296 vet.

1099 1313 1156 1354 54
1187 1312 1414 1357 353n0vo

1301 1369 1437 1422 pinn.

401 1430 648 1473 Ardturus
1100 1430 1156 1469 55
1187 1427 1243 1469 28
1253 1430 1420 1479 vtroq.

400 1491 492 1531 Per
506 1489 822 1539 sextantem,
838 1489 922 1529 alt.
941 1487 1120 1530 merid.

402 1547 579 1589 Cauda
592 1547 735 1588 Vrsae
756 1546 876 1587 mai.
1100 1544 1157 1585 22
1187 1542 1268 1588 564

401 1606 644 1647 Extrema
663 1604 716 1646 in
735 1604 905 1646 cauda
1105 1602 1156 1644 17
1187 1601 1268 1646 21}

403 1664 526 1705 Luc.
549 1662 600 1704 in
619 1662 675 1717 [Ι
689 1662 831 1703 Vrsae
852 1661 974 1703 min.
1101 1659 1152 1701 41
1187 1659 1243 1700 45

401 1721 515 1773 Seq.
549 1721 600 1761 in
620 1719 830 1776 fflVrsae
851 1719 973 1760 min.
1099 1717 1157 1759 39
1192 1716 1244 1759 14

402 1780 526 1820 Luc.
550 1778 722 1831 Lyrae,
744 1778 829 1820 alt.
851 1777 973 1819 min.
1129 1775 1157 1817 4
1187 1774 1268 1820 332}-

402 1838 536 1878 Extr.
559 1836 832 1878 Cathedrae
1100 1833 1157 1875 22
1187 1832 1267 1878 49}

401 1893 617 1936 Schedir
636 1893 846 1947 Cassiop.
1100 1891 1157 1933 20
1192 1890 1269 1936 121}

401 1952 616 1994 Flexura
1101 1949 1158 1991 24
1188 1949 1269 1995 25}

402 2010 547 2052 Genu
568 2009 778 2062 Cassiop.
1101 2007 1157 2048 24
1217 2007 1245 2049 0

659 2137 768 2178 DIE
793 2136 839 2178 11
859 2135 1184 2187 JANUARIJ.

399 2209 492 2250 Per
510 2207 664 2257 Sext„
688 2207 772 2248 alt.
794 2205 975 2248 merid.

401 2265 617 2308 Schedir
636 2264 847 2318 Cassiop.

401 2324 618 2366 Flexura
1103 2321 1160 2363 24
1190 2321 1270 2367 24²}

402 2383 492 2424 Pes
513 2381 790 2434 Cassiopeae
1102 2380 1158 2422 27
1189 2379 1271 2425 32}

402 2439 625 2482 Praeced.
647 2439 699 2480 in
716 2440 877 2481 latere
896 2439 1058 2481 Persei
1108 2438 1159 2480 17
1190 2437 1272 2483 46}

404 2498 528 2540 Luc.
550 2497 724 2539 lateris
744 2497 905 2539 Persei
1109 2495 1160 2537 14
1196 2495 1272 2540 17}

1101 2263 1158 2305 20
1194 2263 1265 2309 13}

662 2625 773 2666 DIE
797 2624 848 2666 14
862 2623 1186 2675 JANUARIJ.

402 2695 494 2736 Per
512 2694 827 2737 Sextantem.

404 2753 529 2794 Luc.
550 2752 602 2793 in
622 2752 678 2808 s]
696 2752 840 2794 Vrsae
860 2752 982 2794 min.

403 2810 632 2863 Sequens
652 2810 798 2853 infer.
820 2811 875 2866 [l

1102 2751 1154 2793 41
1189 2751 1246 2792 45

1102 2809 1160 2852 39
1195 2809 1270 2855 13³}

1301 1485 1438 1538 pinn.

1512 644 1603 685 Per
1621 641 1995 695 Tychonicum.

1513 700 1664 742 Canis
1685 699 1807 741 min.
2027 700 2192 752 vtroq.
2213 698 2271 741 40
2305 699 2382 745 18}

1773 813 1882 855 DIE
1906 813 1957 855 15
1973 813 2297 864 JANUARIJ.

1511 885 1603 925 Per
1622 883 1938 925 sextantem.

1513 941 1711 983 Lucida
1731 940 1998 983 cathedrae
2214 941 2271 983 22
2301 941 2379 987 49ὲ

1513 998 1728 1041 Schedir
2214 998 2271 1040 20
2306 998 2357 1040 14

1513 1057 1731 1098 Flexura
2215 1055 2272 1098 24
2301 1056 2382 1102 24}

1512 1116 1605 1157 Per
1622 1113 1980 1167 Tychonicum

1513 1170 1760 1214 Ardturus
2215 1173 2271 1214 55
2302 1172 2383 1218 27ὲ

1791 1288 1884 1330 Per
1901 1287 2274 1341 Tychonicum.

1757 1403 1868 1445 DIE
1891 1403 1941 1446 17
1962 1403 2316 1454 FEBRUARIJ.

1514 1473 1635 1516 Can.
1658 1473 1829 1515 minor
2217 1472 2274 1515 48
2309 1473 2385 1519 18}

1746 1588 1857 1630 DIE
1880 1588 1931 1630 15
1952 1588 2328 1631 DECEMBRIS.

1515 1658 1636 1712 Cap.
1658 1658 1907 1700 Androm.
2216 1658 2273 1700 60
2303 1659 2359 1700 55
2378 1661 2545 1712 vtroq.

1514 1717 1738 1758 Extrem.
1761 1717 1861 1759 alae
1879 1716 2047 1770 Pegafi
2218 1716 2276 1758 46
2305 1716 2386 1762 59ὲ
2404 1719 2505 1759 vet.

2143 1830 2151 1831 ἶ
2218 1774 2275 1816 46
2304 1773 2385 1820 59ὲ
2398 1786 2517 1818 nov.

1747 1890 1858 1932 DIE
1880 1889 1932 1932 16
1952 1889 2328 1932 DECEMBRIS.

1515 1960 1705 2003 Scheat
1724 1960 1890 2014 Pegafi
1986 1959 2199 2002 incertae
2218 1959 2275 2002 59
2304 1959 2361 2001 58

1516 2019 1637 2072 Cap.
1658 2018 1909 2060 Androm.
1943 2029 2054 2072 ppr.
2076 2018 2197 2060 nub.
2219 2017 2276 2060 60
2307 2019 2363 2059 55
2377 2019 2544 2070 vtroq.

1515 2077 1739 2119 Extrem.
1759 2077 1858 2118 alae
1877 2077 1987 2130 Peg.
2217 2075 2274 2118 46
2303 2075 2385 2121 59ἓ
2403 2078 2503 2117 vet.

2218 2133 2276 2176 46
2305 2133 2387 2179 591
2405 2144 2544 2176 novo

1517 2193 1641 2235 Luc.
1664 2191 1786 2235 balt.
1807 2192 2059 2234 Androm.
2219 2191 2275 2234 67
2305 2191 2363 2234 30
2380 2202 2520 2234 novo

2456 2260 2556 2303 pm.

1748 2320 1858 2361 DIE
1877 2320 1934 2362 26
1954 2318 2330 2362 DECEMBRIS.

1517 2390 1668 2432 Canis
1688 2389 1859 2432 maior
2223 2388 2275 2430 17
2306 2389 2385 2434 53}

1516 2448 1668 2491 Canis
1689 2447 1860 2490 minor
2218 2446 2276 2488 40
2310 2446 2387 2493 18}

1515 2505 1764 2548 Ard’turus
2217 2506 2274 2546 55
2304 2504 2386 2550 29}

1749 2622 1858 2663 DIE
1878 2621 1934 2663 27
1955 2620 2331 2663 DECEMBRIS.

1517 2693 1638 2746 Cap.
1660 2692 1911 2734 Androm.
2218 2690 2276 2732 60
2305 2690 2361 2732 55
2381 2693 2482 2732 vet.

1518 2809 1643 2851 Luc.
1666 2807 1860 2851 balthei
2218 2748 2276 2849 gg
2305 2748 2502 2848 {gffnow

465 2906 475 2929 ¹
499 2909 704 2948 Sequentes
724 2908 998 2939 obseruationes
1019 2918 1061 2939 ex
1081 2908 1231 2938 Historia
1244 2907 1382 2938 Coelesti
1401 2903 1452 2946 (p.
1470 2903 1531 2944 71)
1546 2907 1772 2946 sumpfimus,
1787 2905 1872 2945 quia
1891 2914 2011 2945 neque
2030 2905 2067 2936 in
2082 2905 2210 2936 codice
2225 2904 2419 2935 Haunienfi
2439 2912 2559 2943 neque

406 2956 443 2985 in
459 2956 671 2994 apographo
686 2955 959 2986 Vindobonenfi
973 2955 1210 2994 reperiuntur.
1222 2956 1345 2992 Quum
1359 2959 1483 2985 autem
1498 2953 1613 2984 editor
1625 2953 1722 2984 illius
1736 2952 1857 2992 operis
1871 2961 1933 2983 eas
1947 2953 2018 2983 fine
2029 2951 2140 2983 dubio
2155 2951 2192 2982 in
2205 2951 2328 2990 aliquo
2341 2950 2433 2981 libro
2447 2958 2559 2981 manu

405 3002 546 3040 scripto,
561 3001 623 3041 qui
636 3010 736 3032 nunc
750 3010 827 3032 non
842 3001 956 3038 exstat,
973 3002 1169 3038 invenisset,
1184 3000 1338 3032 dubitari
1351 3010 1429 3031 non
1443 3005 1595 3040 poterat,
1610 3000 1698 3039 quin
1718 2999 1777 3030 hic
1794 2999 1942 3038 integrae
1955 2998 2199 3030 derexibendae
2214 2998 2334 3034 essent,
2348 2997 2406 3028 etfi
2421 3005 2484 3028 eas
2497 3005 2561 3036 per

406 3048 554 3079 codices
567 3048 751 3079 verificare
765 3057 842 3078 non
855 3048 1056 3087 potuimus.
