2742 4204
440 336 540 387 296

655 470 764 512 DIE
788 469 839 511 12
859 468 1253 511 SEPTEMBRIS.

439 538 528 577 Per
548 535 606 584 Q.
628 533 838 575 Tichon.
1245 532 1301 573 34
1336 530 1407 575 18³}

439 594 528 635 Per
548 592 590 642 Q
629 592 814 633 Portat.
1244 589 1301 630 34
1336 588 1387 630 19

439 652 528 692 Per
551 650 848 691 Sextantem
1243 646 1299 689 34
1335 645 1387 687 19

497 709 614 749 Erat
634 706 765 748 bene
785 706 1035 748 serenum.

654 810 763 852 DIE
787 810 837 852 13
859 808 1254 851 SEPTEMBRIS.

438 876 528 917 Per
547 874 605 924 Q.
626 873 836 916 Tichon.
1243 870 1299 912 33
1330 871 1410 915 551

437 933 527 974 Per
547 931 606 982 Q.
628 932 813 973 Portat.

437 991 528 1032 Per
547 989 681 1031 Sext.
704 999 899 1030 nouum

497 1058 612 1100 Non
632 1060 743 1100 erat
763 1058 880 1099 satis
903 1057 1150 1098 serenum.

1243 928 1298 970 33
1330 927 1386 969 56
1399 938 1472 969 fere

1242 986 1297 1027 33
1329 985 1385 1026 56
1402 995 1472 1034 pri·

1261 1049 1313 1079 ori
1333 1047 1471 1078 melior.

654 1162 762 1202 DIE
787 1161 838 1202 14
858 1159 1252 1202 SEPTEMBRIS.

437 1227 527 1267 Per
547 1225 604 1275 Q.
627 1224 836 1266 Tichon.
1241 1222 1297 1264 33
1328 1221 1408 1266 31}

436 1285 526 1325 Per
546 1282 603 1333 Q.
625 1283 811 1324 Portat.
1241 1279 1297 1321 33
1328 1279 1384 1321 32

437 1342 527 1383 Per
546 1340 681 1381 Sext.
704 1351 900 1381 nouum
1241 1337 1297 1379 33
1328 1336 1406 1381 31}

495 1398 610 1440 Non
630 1397 747 1439 satis
768 1398 1018 1439 serenum.

653 1501 762 1542 DIE
788 1500 838 1542 19
858 1499 1252 1542 SEPTEMBRIS.

435 1567 526 1608 Per
546 1565 604 1615 Q.
626 1565 835 1606 Tichon.
1240 1563 1292 1605 31
1327 1562 1408 1608 34⁷}

434 1624 526 1665 Per
546 1622 604 1672 Q.
626 1623 812 1664 Portat.
1241 1621 1292 1663 31
1328 1619 1409 1666 34³}

435 1682 525 1723 Per
544 1680 842 1722 Sextantem
1241 1679 1291 1721 31
1328 1679 1409 1724 34}

493 1738 608 1781 Non
629 1741 740 1780 erat
761 1737 879 1779 satis
900 1738 1150 1780 serenum.

651 1842 759 1883 DIE
778 1842 836 1883 22
856 1841 1251 1883 SEPTEMBRIS.

435 1908 525 1948 Per
544 1906 602 1956 Q.
623 1905 832 1947 Tichon.
1153 1905 1211 1947 30
1241 1905 1299 1947 24
1334 1904 1386 1947 10
1399 1917 1444 1947 ad

439 2011 526 2052 Per
546 2010 603 2060 Q.
626 2011 811 2051 Portat.
1155 2009 1212 2052 30
1241 1969 1298 2052 25
1290 1977 1473 2000 mmmmmm

435 2070 527 2110 Per
546 2068 680 2110 Sext.
703 2079 898 2110 nouum
1155 2067 1212 2110 30
1242 2067 1323 2114 244ι

493 2126 630 2168 Inter
649 2126 826 2168 nubes.

701 2230 810 2271 DIE
828 2230 857 2272 2
876 2230 1202 2273 OCTOBRIS.

435 2296 525 2336 Per
546 2295 604 2345 Q.
626 2294 836 2337 Tichon.
1243 2294 1300 2337 26
1329 2294 1387 2336 34

435 2354 526 2395 Per
545 2353 604 2403 Q.
627 2354 814 2394 Portat.
1242 2353 1300 2395 26
1329 2353 1410 2398 343

1177 2425 1255 2447 non
1269 2416 1351 2447 satis
1365 2421 1473 2448 certa.

701 2491 810 2533 DIE
829 2492 855 2534 3
877 2492 1203 2535 OCTOBRIS.

434 2556 525 2597 Per
544 2555 602 2605 Q.
623 2555 833 2598 Tichon.
1242 2557 1299 2599 26
1334 2557 1380 2598 11

434 2614 524 2655 Per
544 2613 602 2663 Q.
625 2614 810 2655 Portat.
1242 2614 1299 2657 26
1334 2615 1386 2656 12

435 2672 525 2713 Per
544 2670 679 2713 Sext.
702 2671 828 2725 Trig.
1242 2672 1299 2715 26
1334 2673 1410 2719 114

493 2728 609 2771 Non
630 2732 742 2771 erat
762 2729 879 2772 ratis
899 2730 1151 2773 serenum.
1386 2758 1389 2759 γ

701 2834 810 2874 DIE
829 2834 857 2875 4
877 2833 1203 2878 OCTOBRIS.

434 2897 527 2939 Per
546 2895 605 2947 Q.
627 2896 836 2939 Tichon.
1242 2899 1298 2941 25
1329 2899 1387 2941 49
1421 2899 1474 2942 10

435 2955 526 2997 Per
552 2954 610 3005 Q.
633 2955 819 2997 Portat.
1242 2957 1299 2999 25
1329 2957 1387 3000 49
1445 2958 1473 2999 0

434 3013 526 3054 Per
545 3012 681 3054 Sext.
702 3013 758 3068 Δ
1244 3015 1300 3057 25
1331 3015 1388 3058 49
1447 3017 1474 3058 5

491 3071 612 3112 Erat
631 3070 762 3113 bene
782 3071 1032 3115 serenum.

701 3175 810 3217 DIE
833 3175 861 3218 6
881 3175 1206 3220 OCTOBRIS.

434 3239 525 3281 Per
544 3238 603 3289 Q.
624 3238 835 3282 Tichon.
1240 3241 1297 3283 25
1327 3241 1378 3287 41

493 3296 630 3339 Inter
649 3297 827 3340 nubes.

1445 330 1569 382 1584

1812 465 1922 506 DIE
1942 466 1967 506 7
1989 464 2314 507 OCTOBRIS.

1545 535 1637 577 Per
1656 535 1714 585 Q.
1737 534 1946 576 Tichon.
2353 535 2410 577 24
2439 535 2497 578 42
2526 535 2583 579 30

1544 593 1636 634 Per
1654 593 1840 634 Portat.
2354 591 2411 634 24
2441 593 2497 635 42
2526 593 2583 637 40

1545 651 1636 691 Per
1656 650 1791 691 Sext.
1813 660 2011 691 nouum
2353 649 2409 692 24
2439 650 2497 693 42
2526 651 2584 694 40

1605 708 1724 749 Erat
1744 706 1978 759 apprime
1999 706 2250 749 serenum.

1801 810 1910 851 DIE
1934 809 1986 851 18
2006 809 2331 853 OCTOBRIS.

1543 881 1635 922 Per
1655 879 1713 929 Q.
1735 879 1948 921 Tichon.
2353 881 2410 924 20
2439 882 2497 924 50

1544 938 1635 979 Per
1655 937 1713 987 Q.
1736 938 1922 979 Portat.
2353 939 2410 981 20
2440 939 2518 986 5Οὲ

1800 1041 1909 1082 DIE
1929 1041 1986 1083 20
2006 1041 2331 1085 OCTOBRIS.

1544 1112 1634 1152 Per
1655 1110 1713 1160 Q.
1735 1110 1946 1152 Tichon.
2353 1113 2411 1155 20
2445 1113 2497 1156 10
2556 1113 2584 1156 0

1543 1170 1635 1210 Per
1653 1169 1840 1210 Portat.

1544 1227 1636 1267 Per
1656 1225 1958 1268 Sextantem
2354 1228 2411 1271 20
2445 1228 2521 1275 10}

1801 1330 1909 1372 DIE
1929 1330 1986 1372 22
2006 1331 2332 1374 OCTOBRIS.

1543 1401 1636 1442 Per
1656 1399 1715 1449 Q.
1736 1399 1947 1442 Tichon.
2351 1401 2403 1444 19
2433 1402 2513 1448 312}

1544 1459 1636 1500 Per
1654 1459 1841 1500 Portat.
2361 1460 2411 1502 19
2440 1460 2517 1507 314

1543 1517 1635 1558 Per
1655 1516 1956 1558 sextantem
2359 1517 2411 1560 19
2441 1518 2498 1561 32

1800 1620 1909 1661 DIE
1929 1620 1985 1662 23
2007 1620 2331 1664 OCTOBRIS.

1544 1691 1637 1732 Per
1656 1689 1715 1740 Q.
1737 1690 1925 1732 Portat.
2361 1691 2414 1734 19
2448 1692 2524 1739 121

1544 1749 1637 1790 Per
1656 1747 1959 1791 sextantem
2360 1749 2413 1793 19
2448 1750 2500 1794 13

1602 1805 1922 1859 Tempestate
1947 1806 2123 1849 valida
2149 1807 2500 1851 mouebantur
2517 1808 2588 1852 In-

1549 1864 1842 1907 strumenta.

1776 1969 1887 2011 DIE
1906 1970 1932 2011 5
1955 1968 2353 2014 NOUEMBRIS.

1545 2040 1637 2081 Per
1657 2038 1716 2090 Q.
1738 2039 1927 2082 Portat.
2361 2041 2412 2083 15
2442 2041 2524 2087 301

1545 2098 1638 2139 Per
1660 2097 1961 2140 Sextantem
2362 2098 2414 2141 15
2443 2098 2524 2146 291

1779 2213 1890 2256 DIE
1908 2213 1936 2257 8
1956 2213 2353 2258 NOUEMBRIS.

1545 2284 1636 2325 Per
1656 2283 1715 2333 Q.
1736 2283 1949 2326 Tichon.
2362 2284 2415 2328 14
2443 2283 2525 2331 44}

1544 2342 1637 2384 Per
1655 2342 1843 2384 Portat.
2363 2342 2414 2385 14
2443 2342 2525 2389 451

1545 2400 1636 2441 Per
1656 2399 1792 2442 Sext.
1814 2411 2014 2443 nouum
2361 2400 2414 2443 14
2443 2400 2524 2447 45}

1763 2516 1873 2558 DIE
1897 2516 1944 2558 ll
1969 2515 2366 2559 NOUEMBRIS.

1544 2587 1637 2629 Per
1662 2585 1721 2636 Q.
1744 2585 1955 2629 Tichon.
2360 2586 2412 2629 14
2470 2586 2522 2633 41

1544 2645 1638 2687 Per
1655 2645 1843 2687 Portat.
2359 2644 2412 2687 14
2469 2644 2522 2691 4}

1544 2703 1637 2745 Per
1660 2702 1796 2745 Sext.
1818 2714 2017 2746 nouum
2360 2702 2413 2745 14
2471 2702 2523 2749 4}

1763 2819 1873 2861 DIE
1897 2818 1949 2860 12
1971 2818 2366 2862 NOUEMBRIS.

1544 2889 1637 2930 Per
1657 2888 1715 2939 Q.
1737 2888 1948 2932 Tichon.
2361 2888 2412 2932 13
2443 2889 2523 2935 51}

1545 2947 1637 2989 Per
1655 2947 1842 2989 Portat.
2361 2947 2412 2990 13
2443 2947 2523 2993 51}

1546 3005 1638 3047 Per
1662 3005 1798 3048 Sext.
1819 3016 2018 3048 nouum
2361 3005 2412 3048 13
2443 3004 2523 3052 511

1765 3115 1874 3158 DIE
1899 3115 1951 3158 16
1973 3114 2367 3159 NOUEMBRIS.

1546 3186 1640 3227 Per
1658 3185 1718 3236 Q.
1739 3185 1949 3228 Tichon.
2361 3185 2413 3228 13
2472 3184 2500 3228 4

1546 3244 1638 3285 Per
1656 3244 1843 3286 Portat.
2362 3242 2413 3286 13
2472 3241 2500 3284 4

1548 3301 1639 3343 Per
1658 3301 1793 3343 Sext.
1817 3312 2013 3344 nouum
2361 3299 2413 3343 13
2471 3299 2500 3342 4

2353 1170 2411 1213 20
2446 1171 2498 1213 ιο
2527 1171 2584 1214 45
2661 1184 2663 1186 ·
2734 1155 2742 1212 ’Ξ
