2690 4178
737 1432 770 1461 N
785 1425 1132 1461 observationibus
1144 1424 1354 1470 Tyehonis
1369 1425 1500 1459 Brahe
1514 1424 1686 1460 edendis
1699 1424 1795 1460 usus
1813 1424 1866 1460 est
1878 1424 2007 1460 editor
2019 1424 2135 1460 libris
2155 1436 2282 1461 manu

753 1483 905 1527 scriptis
926 1483 969 1518 in
983 1482 1107 1527 Regia
1124 1482 1375 1518 Bibliotheca
1393 1481 1620 1518 Havnienfi
1640 1483 1850 1523 asservatis,
1870 1481 1913 1518 in
1927 1482 2080 1528 quibus
2100 1483 2282 1519 observa-

683 1541 816 1576 tiones
829 1540 975 1585 partim
996 1541 1047 1575 ab
1068 1540 1151 1584 ipro
1163 1541 1360 1585 Tyehone
1379 1540 1525 1585 partim
1545 1551 1570 1576 a
1584 1540 1794 1585 discipulis
1813 1540 1904 1584 ejus
1924 1540 2157 1585 conscriptae
2176 1541 2282 1581 1unt;

684 1600 832 1634 horum
846 1598 1044 1634 librorum
1058 1598 1268 1643 descriptio
1282 1601 1320 1634 et
1335 1599 1416 1634 fata
1436 1598 1479 1634 in
1492 1598 1730 1643 praefatione
1749 1598 1877 1642 hujus
1890 1598 2116 1634 voluminis
2136 1598 2282 1643 reperi-

684 1660 818 1691 untur.
840 1658 894 1692 Ut
906 1657 1080 1702 expleret
1097 1657 1283 1697 lacunas,
1298 1668 1391 1702 quae
1405 1656 1612 1701 praecipue
1625 1656 1668 1691 in
1688 1656 2040 1692 observationibus
2054 1659 2093 1692 et
2111 1656 2283 1693 calculis

684 1725 889 1750 annorum
904 1715 1132 1750 1582—1589
1141 1714 1330 1759 plurimae
1341 1714 1619 1755 inveniuntur,
1627 1714 1829 1750 consuluit
1838 1715 2123 1760 apographum
2134 1725 2282 1760 aequae-

683 1784 794 1813 vum,
808 1773 896 1808 cod.
905 1773 1081 1808 vindob.
1095 1774 1161 1808 lat.
1179 1773 1465 1814 10657—10675,
1479 1773 1551 1818 qui
1571 1773 1614 1808 in
1628 1773 1707 1808 hac
1720 1772 1900 1809 editione
1912 1773 2042 1809 littera
2054 1774 2088 1808 V
2102 1773 2283 1818 lignatus

683 1830 747 1866 est.
757 1831 821 1866 Ad
834 1831 1132 1867 observationes
1147 1834 1240 1866 ante
1253 1842 1440 1867 mensem
1452 1832 1722 1867 Decembrem
1737 1831 1837 1866 anni
1851 1832 1940 1867 1577
1950 1830 2147 1866 institutas
2161 1830 2282 1866 etiam

684 1888 885 1925 consuluit
898 1889 1183 1934 apographum
1199 1889 1350 1925 Erasmi
1365 1889 1603 1925 Bartholini.

741 1947 893 1981 Omnia
907 1957 1000 1991 quae
1020 1957 1148 1982 manu
1167 1947 1331 1992 propria
1350 1958 1375 1983 a
1388 1947 1586 1992 Tyehone
1605 1947 1747 1992 scripta
1762 1947 1863 1989 runt,
1881 1947 2022 1983 litteris
2042 1950 2080 1983 et
2098 1947 2282 1983 numeris

681 2005 893 2039 inclitzatis
906 2004 1091 2048 impressa
1103 2005 1203 2040 sunt.

739 2062 1050 2104 Annotationes‚
1061 2074 1155 2108 quae
1166 2063 1209 2098 in
1220 2063 1304 2099 ima
1314 2063 1467 2109 pagina
1480 2063 1747 2109 reperiuntur,
1758 2074 1903 2100 omnes
1917 2063 2062 2100 editori
2073 2064 2282 2100 debentur.
