2742 4204
451 344 552 396 368

450 480 513 521 Η.
530 480 558 520 9
575 478 648 520 Μ.
665 477 722 520 44
740 477 839 519 fuit
861 476 1163 519 Declinatio
1186 475 1293 518 visa
1319 475 1490 517 centri

509 536 715 579 Solaris
742 535 772 577 2
806 534 878 585 42,
906 545 1027 576 cum
1058 533 1222 587 ipsius
1246 532 1489 575 Altitudo

508 593 635 635 eBet
651 592 744 638 3οὲ.

448 651 513 694 H.
531 651 559 693 9
582 650 655 692 M.
671 650 751 696 462}
775 649 953 692 rursus
979 648 1266 691 declinatio
1291 646 1490 701 superi-

507 708 615 751 oris
639 707 791 750 limbi
814 713 842 758 (ζ
866 708 1089 761 accepta
1116 706 1191 748 est
1211 707 1265 748 19
1297 706 1344 751 7}
1365 715 1485 747 cum

504 766 745 808 Altitudo
774 765 1019 807 eiusdem
1051 764 1301 806 existeret
1323 760 1489 816 parti-

508 835 594 866 um
616 823 687 876 30,
705 825 872 877 paulo
892 822 1009 876 post
1033 823 1178 865 Hora
1193 822 1222 863 9
1245 821 1317 863 M.
1334 819 1392 862 50
1410 818 1490 860 in-

504 881 712 925 ferioriS
736 880 888 923 limbi
920 886 947 931 (ζ
975 880 1182 922 Declin.
1210 876 1489 921 adinueni-

504 950 628 982 mus
658 939 710 981 18
740 939 833 991 37{‚
866 937 1068 991 fuitque
1100 938 1221 979 tunc
1246 934 1488 977 Altitudo

505 996 790 1050 superioris
814 1006 976 1038 cornu
995 996 1090 1041 293.

499 1066 638 1108 Hinc
650 1064 1239 1118 colligiturdiametrum
1260 1068 1287 1112 (ζ
1303 1072 1489 1115 appar-

450 1124 574 1166 uiBe
593 1124 774 1166 saltem
797 1123 886 1174 30‘,
902 1122 1158 1164 minorem
1181 1120 1209 1162 4
1227 1117 1488 1172 scrupulis

448 1192 605 1235 quam
623 1183 797 1232 antea,
810 1190 992 1222 verum
1010 1190 1130 1222 cum
1150 1184 1178 1229 c(
1193 1178 1300 1220 iam
1320 1177 1488 1219 multo

445 1241 571 1293 plus
589 1250 745 1292 quam
769 1239 926 1281 antea
947 1247 1145 1280 cornua
1166 1234 1485 1285 declinabat,

446 1296 637 1339 factum
667 1295 739 1338 el‘t
766 1297 823 1338 vt
847 1306 973 1337 vera
996 1294 1043 1337 8(
1065 1295 1168 1337 tota
1192 1293 1355 1346 ipsius
1376 1292 1489 1334 dia-

447 1354 732 1397 meterfel'e
746 1353 962 1396 obl'erua
970 1352 1097 1395 tioni
1106 1353 1268 1394 certae
1278 1361 1384 1393 non
1398 1349 1489 1392 ob-

450 1409 1187 1464 tulerit,ideoqueminoriul'to
1197 1408 1305 1451 visa
1313 1407 1485 1450 fuerit.

445 1481 509 1523 H.
527 1481 554 1523 9
572 1481 644 1524 M.
660 1480 741 1526 54-1-
759 1479 937 1522 rursus
962 1480 1180 1522 inuenta
1204 1477 1279 1520 est
1297 1476 1487 1520 distan-

505 1538 574 1581 tia
618 1537 1005 1591 aequinocftialis
1041 1544 1084 1587 Θ
1124 1537 1172 1579 8(
1209 1534 1487 1579 orientalis

501 1595 653 1638 limbi
675 1602 703 1646 c(
728 1597 787 1638 97
814 1595 885 1647 46,
908 1596 1050 1648 quod
1077 1596 1254 1638 tamen
1279 1604 1378 1647 pro
1403 1604 1487 1636 ra-

504 1654 644 1697 tione
664 1653 935 1696 interualli
954 1652 1210 1707 temporis
1232 1663 1338 1694 non
1359 1651 1486 1694 l'atis

502 1712 638 1754 bene
657 1712 883 1764 quadrat
896 1722 1017 1754 cum
1032 1710 1303 1764 prioribus
1321 1709 1487 1752 obser-

505 1768 823 1822 uationibus,
844 1768 1078 1823 suspicor
1098 1769 1278 1822 itaque
1304 1768 1359 1810 in
1381 1768 1485 1811 hac

499 1827 610 1881 ipl'a
639 1827 1002 1870 obseruatione
1030 1827 1263 1880 aliquem
1284 1825 1484 1869 IubeBe

500 1896 748 1937 errorem,
767 1886 1120 1938 vndecunque
1140 1884 1191 1927 is
1212 1883 1482 1927 acciderit.

498 1942 740 1986 Altitudo
758 1943 1046 1996 superioris
1065 1954 1230 1986 cornu
1249 1943 1309 1984 29
1322 1953 1377 1996 p.

441 2007 506 2049 H.
527 2007 581 2049 10
609 2007 682 2049 M.
704 2007 762 2049 25
792 2007 970 2049 rursus
1001 2006 1143 2049 inter
1169 2006 1482 2049 orientalem

498 2064 718 2107 limbum
758 2071 786 2116 (ζ
826 2065 875 2108 8(
906 2064 1089 2109 Solem
1125 2066 1183 2107 97
1219 2065 1315 2117 293,
1348 2063 1486 2107 Alti-

502 2123 625 2166 tudo
642 2134 767 2166 vero
780 2122 1067 2177 superioris
1080 2134 1245 2166 cornu
1260 2122 1482 2169 erat24}.

442 2186 507 2229 H.
527 2186 581 2229 10
604 2187 677 2229 M.
692 2187 751 2230 28
770 2187 976 2230 Eadem
1004 2185 1394 2240 aequinocffiafis
1413 2186 1486 2229 di-

498 2244 683 2288 stantia
704 2245 1076 2288 animadversa
1098 2244 1171 2287 est
1190 2245 1250 2287 97
1275 2245 1371 2298 263,
1390 2245 1484 2287 ΑΙ-

501 2303 666 2346 titudo
684 2302 971 2357 superioris
989 2302 1143 2347 limbi
1159 2303 1255 2350 243.

440 2367 505 2409 H.
525 2366 579 2410 10
605 2367 678 2410 M.
698 2367 778 2413 34-21-
804 2368 994 2410 eadem
1028 2367 1270 2410 distantia
1301 2368 1359 2410 97
1386 2367 1482 2420 233,

497 2424 604 2468 Alt.
625 2425 794 2479 super.
817 2437 982 2469 cornu
999 2426 1097 2473 23ὲ.

441 2489 505 2531 Η.
526 2489 580 2532 10
597 2490 669 2532 Μ.
686 2489 743 2532 38
756 2490 1007 2544 apparuit
1017 2490 1321 2533 Declinatio
1337 2489 1485 2534 Solis

498 2547 527 2590 2
556 2547 636 2594 412}
655 2558 776 2591 cum
798 2547 962 2602 ipsius
980 2548 1222 2592 Altitudo
1242 2547 1482 2594 esset3412-.

441 2611 651 2654 Deinde
670 2611 815 2655 Hora
834 2613 884 2654 11
911 2612 983 2654 Μ.
1001 2613 1047 2658 9Ξ
1075 2611 1183 2655 vil'a
1211 2612 1284 2654 est
1306 2611 1485 2654 rursus

498 2668 753 2712 Distantia
773 2669 1160 2723 aequinoctialis
1176 2670 1323 2714 Solis
1339 2670 1386 2713 8(
1405 2670 1486 2712 [ιι-

494 2727 726 2781 perioris
745 2728 897 2770 limbi
920 2734 947 2779 (ζ
970 2729 1028 2771 97
1057 2729 1121 2781 σὲ,
1143 2728 1236 2771 sed
1255 2728 1374 2771 haec
1395 2728 1486 2771 ob-

499 2784 726 2828 seruatio
756 2786 831 2828 elt
858 2786 1018 2829 dubia
1028 2798 1044 2838 ;
1071 2785 1172 2829 fuit
1201 2797 1327 2830 Vero
1347 2787 1485 2829 ‘tunc

498 2842 739 2886 Altitudo
781 2843 1014 2898 supremi
1058 2843 1210 2887 limbi
1252 2844 1487 2887 Lunaris

412 2932 417 2937 .
495 2901 727 2955 partium
754 2903 821 2944 19.

442 2965 507 3007 H.
522 2965 572 3007 11
592 2965 666 3007 M.
681 2965 735 3008 12
752 2965 1055 3009 Declinatio
1068 2966 1354 3021 superioris
1374 2978 1488 3011 cor-

503 3034 574 3066 nu
601 3028 629 3074 ((
659 3024 711 3065 19
753 3024 780 3066 7
795 3023 857 3066 B.

444 3081 509 3123 H.
526 3081 576 3123 11
597 3081 670 3124 Μ.
691 3082 765 3128 13ὲ
781 3081 1004 3125 distabat
1025 3083 1203 3126 rursus
1231 3089 1258 3134 c(
1287 3094 1318 3126 a
1341 3083 1487 3127 Solis

503 3140 686 3182 centro
704 3141 867 3183 modo
886 3139 1179 3194 supradicto
1257 3141 1316 3184 97
1378 3143 1398 3183 l

445 3197 509 3240 H.
526 3197 576 3239 11
598 3197 672 3240 M.
690 3199 745 3240 17
762 3198 967 3241 Eadem
991 3198 1232 3242 distantia
1259 3199 1318 3241 97
1374 3199 1425 3245 0}

443 3255 509 3298 H.
527 3256 576 3297 ll
597 3255 671 3298 M.
689 3256 742 3298 19
1259 3257 1318 3299 97
1374 3257 1426 3304 0}

443 3312 508 3355 H.
525 3314 575 3355 ll
597 3314 670 3356 M.
682 3314 742 3356 22
1258 3315 1317 3357 97
1377 3316 1397 3357 l

1465 338 1591 392 1585

1618 472 1742 515 Fuit
1752 473 1929 515 autem
1942 470 2184 515 Altitudo
2197 472 2483 526 superioris
2496 485 2607 518 cor-

1560 542 1633 572 nu
1659 536 1687 580 <(
1712 530 1766 571 in
1791 528 1968 582 prima
1996 527 2362 572 obseruatione
2386 531 2532 575 Hora
2553 534 2603 575 ll

1560 588 1633 630 M.
1659 587 1735 632 133—
1764 586 1997 640 partium
2031 586 2178 639 quali
2211 587 2309 640 183,
2331 588 2386 630 in
2420 589 2604 633 Vltima

1560 645 1705 688 Hora
1725 644 1774 686 11
1787 644 1866 686 ,22
1879 643 2111 697 partium
2129 645 2381 697 proxime
2405 647 2472 690 17.

1622 700 2035 746 Obl'eruationes
2063 712 2190 745 vero
2216 702 2362 747 Hora
2382 705 2434 746 11
2460 705 2533 747 Μ.
2554 706 2609 748 17

1563 761 1610 803 8(
1628 760 1701 802 Μ.
1717 760 1770 801 19
1788 758 1987 802 habitae
2005 758 2133 802 l'atis
2153 760 2291 804 bene
2310 761 2364 804 l'e
2387 762 2603 815 liabent,

1562 818 1703 870 quod
1731 827 1858 859 vero
1883 817 1951 859 ab
1977 817 2121 860 Hora
2142 819 2306 865 11.Ι3ὲ
2324 818 2379 862 in
2402 820 2603 864 Horam

1564 876 1584 917 1
1594 876 1615 917 l
1628 875 1706 917 ,22
1717 873 1863 928 quali
1874 874 1929 916 in
1949 876 2140 918 eodem
2156 875 2402 930 scrupulo
2416 877 2606 921 distan-

1563 932 1634 975 tia
1666 932 1890 984 hael'erit,
1924 932 1990 975 ob
2021 932 2077 975 id
2107 932 2299 977 factum
2335 935 2440 978 elie
2469 947 2603 989 reor,

1562 990 1703 1043 quod
1717 990 1972 1043 quantum
1994 992 2174 1034 motus
2188 992 2441 1046 proprius
2463 999 2491 1045 c(
2513 1005 2607 1047 ap-

1557 1047 1955 1102 propinquabat
1983 1048 2113 1102 Soli,
2149 1050 2458 1094 tantundem
2492 1050 2605 1095 fere

1557 1105 1860 1159 parallaxis
1902 1105 2066 1159 ipsius
2115 1117 2235 1150 eam
2284 1109 2604 1162 retrahebat,

1557 1163 1849 1218 prael'ertim
1877 1163 1932 1206 in
1962 1165 2066 1207 tam
2089 1165 2289 1209 decliui
2309 1166 2493 1210 versus
2510 1167 2607 1211 lio-

1560 1222 1819 1264 rizontem
1836 1221 2023 1275 positu.

1560 1290 1625 1332 H.
1642 1291 1663 1332 1
1673 1291 1694 1332 l
1715 1290 1788 1333 M.
1802 1291 1863 1333 27
1879 1289 1980 1334 fuit
1995 1291 2300 1336 Declinatio
2316 1300 2360 1345 Θ
2383 1293 2490 1337 vil'a
2504 1305 2610 1348 per

1621 1360 1783 1391 vnum
1800 1348 2171 1402 pinnacidium
2193 1351 2223 1393 2
2253 1351 2333 1398 40}
2347 1351 2395 1394 8(
2409 1363 2514 1406 per
2528 1354 2605 1396 al-

1621 1408 1787 1449 terum
1805 1407 1997 1450 eadem
2008 1409 2175 1461 plane
2194 1409 2225 1451 2
2253 1408 2347 1456 40†.

1558 1469 1763 1513 Rursus
1775 1470 1841 1514 H.
1858 1471 1909 1513 ll
1931 1471 2004 1513 M.
2017 1471 2075 1514 48
2093 1473 2284 1515 eadem
2307 1480 2351 1524 Θ
2369 1474 2606 1517 declina-

1621 1528 1691 1572 tio
1703 1530 1923 1582 vtroque
1932 1529 2246 1583 pinnacidio
2255 1530 2602 1575 Armillarum

1616 1586 2075 1630 subterraneamm
2093 1588 2369 1632 obseruata
2384 1589 2459 1632 est
2467 1590 2606 1633 eius-

1618 1645 1739 1687 dem
1758 1644 1975 1699 prorl'us
1995 1646 2307 1700 quantitatis
2325 1648 2356 1690 2
2384 1647 2480 1695 4οὲ.

1615 1714 1771 1757 Nota.
1801 1715 2146 1769 Horologium
2174 1716 2229 1759 in
2254 1717 2479 1760 meridie
2506 1717 2606 1760 l'al-

1561 1774 1664 1815 tem
1708 1773 1865 1816 vnico
1907 1772 2153 1828 scrupulo
2196 1774 2432 1818 celerius
2475 1775 2605 1819 iusto

1557 1831 1878 1874 mouebatur
1910 1831 1978 1874 ab
2015 1843 2082 1875 eo
2122 1833 2359 1887 tempore
2392 1844 2498 1887 quo
2535 1834 2605 1876 ad

1556 1888 1821 1932 Armillas
1844 1888 2124 1933 Australes
2152 1892 2270 1934 erat
2295 1890 2601 1944 correctum,

1560 1948 1618 1990 vt
1641 1947 1796 2001 supra
1826 1946 1939 1990 dixi
1964 1948 2108 1991 Hora
2126 1948 2155 1991 8
2181 1949 2255 1992 M.
2277 1949 2331 1991 15
2353 1949 2603 2003 proxime

1558 2006 1928 2048 antecedente.
1962 2006 2121 2049 Patet
2153 2007 2334 2061 itaque
2372 2009 2513 2061 quod
2548 2006 2603 2050 in

1559 2064 1816 2117 temporis
1832 2064 2179 2117 aBignatione
2198 2066 2382 2108 nullus
2393 2065 2603 2108 l'enIibi-

1556 2121 1627 2164 lis
1647 2132 1797 2165 error
1813 2121 1942 2165 vitio
1960 2122 2225 2178 horologii
2241 2122 2520 2178 irrepserit.

1748 2250 1874 2293 DIE
1894 2251 1921 2293 7
1939 2250 2415 2296 SEPTEMBRIS.

1614 2325 1808 2370 Denuo
1848 2326 2056 2369 Lunam
2104 2326 2507 2370 obseruauimus
2547 2327 2602 2370 in

1557 2384 1701 2426 hunc
1722 2384 1815 2438 qui
1831 2384 2068 2438 sequitur
2082 2385 2317 2428 modum.

1615 2442 1853 2485 Primum
1875 2454 2038 2486 mane
2058 2443 2189 2486 hora
2210 2442 2469 2487 existente
2488 2443 2517 2486 4
2546 2443 2604 2486 52

1558 2500 1889 2544 obseruauim
1898 2511 1962 2544 us
1982 2501 2125 2544 inter
2140 2500 2468 2546 Aldeboram
2493 2501 2542 2546 8(
2561 2507 2590 2553 (ζ

1557 2559 1759 2613 gradus
1777 2558 2180 2613 aequinoctiales
2198 2559 2256 2603 25
2290 2560 2358 2615 13.

1615 2616 1843 2671 Fuitque
1872 2617 2016 2661 circa
2044 2617 2187 2661 idem
2213 2628 2359 2672 pene
2391 2620 2604 2672 tempus

1557 2675 1862 2718 Declinatio
1890 2675 2178 2730 superioris
2206 2687 2371 2719 cornu
2403 2681 2431 2728 (ζ
2468 2677 2522 2719 19
2560 2677 2601 2729 6,

1557 2734 1703 2776 Hora
1727 2744 1855 2776 vero
1875 2733 2133 2776 existente
2155 2734 2338 2788 quinta
2353 2733 2604 2788 proxime

1559 2792 1737 2834 denuo
1780 2792 2010 2835 eandem
2056 2790 2481 2846 aequinocstzalem
2527 2791 2605 2835 di-

1558 2849 1800 2893 stantiam
1815 2850 2052 2893 inuenim
2060 2861 2125 2893 us
2135 2850 2193 2893 25
2218 2850 2259 2894 6.
2271 2850 2464 2893 Verum
2481 2860 2601 2893 cum

1558 2908 1736 2951 minor
1761 2907 1898 2951 facta
1936 2908 2009 2960 Iit,
2044 2919 2167 2952 cum
2206 2908 2397 2952 merito
2434 2907 2610 2952 maior

1559 2966 1663 3009 eBe
1688 2966 1921 3020 deberet,
1945 2966 2162 3010 dubium
2194 2965 2269 3009 eit
2291 2967 2359 3010 de
2385 2966 2490 3010 hac
2516 2965 2606 3011 ob-

1558 3023 1879 3077 seruatione,
1913 3024 2156 3068 existimo
2193 3024 2336 3068 enim
2370 3024 2603 3078 priorem

1560 3083 1665 3126 eBe
1697 3083 1995 3126 certiorem.
2024 3083 2143 3126 Nec
2175 3084 2294 3126 erat
2325 3082 2469 3126 circa
2503 3082 2605 3127 hoc

1563 3142 1778 3195 tempus
1813 3141 2133 3184 matutinum
2178 3140 2308 3184 satis
2343 3140 2603 3193 serenum,

1559 3198 1652 3241 sed
1697 3198 2045 3242 recurrebant
2089 3199 2216 3242 hinc
2264 3199 2391 3242 inde
2433 3198 2606 3241 nubes

1563 3258 1669 3300 tam
1698 3256 1877 3301 densae
1906 3268 2066 3311 quam
2097 3268 2248 3310 rarae,
2277 3267 2398 3311 quae
2426 3256 2608 3311 aspec-

1564 3315 1671 3358 tum
1717 3315 1998 3359 certiorem
2043 3315 2426 3370 impediebant,
2466 3314 2606 3358 vnde
