2742 4204
409 309 513 360 328

408 442 614 486 Sinister
632 442 881 486 humerus
900 442 1160 497 Ophiuchi
1219 443 1275 485 44
1310 443 1386 489 11}

408 501 574 554 Caput
596 499 835 543 Herculis
1218 500 1275 543 49
1339 501 1385 546 12}

407 558 509 601 Sin.
537 558 787 601 humerus
817 558 1056 602 Herculis
1083 558 1192 601 fere
1217 558 1274 600 59
1304 558 1361 601 30

408 617 573 670 Caput
591 615 851 670 Ophiuchi
1216 615 1272 658 47
1332 616 1360 657 2
1395 615 1447 657 10

730 719 840 762 DIE
863 720 916 762 12
930 719 1123 770 JUNIJ.

407 790 571 843 Caput
592 788 851 843 Ophiuchi
870 800 963 843 per
979 788 1119 831 Tich.
1214 788 1270 830 47
1329 787 1380 833 2⁷}

463 847 619 890 Stella
638 847 770 890 inter
787 858 935 889 raras
954 847 1118 890 nubes
1138 846 1257 888 visa.

727 962 838 1004 DIE
861 962 912 1005 13
927 962 955 1013 J
961 961 1119 1012 UNIJ.

404 1032 568 1086 Caput
588 1031 827 1075 Herculis
845 1042 939 1085 per
956 1030 1096 1073 Tich.
1210 1029 1267 1071 49
1326 1030 1378 1075 24

404 1090 568 1144 Caput
588 1089 845 1144 Ophiuchi
865 1100 959 1142 per
976 1088 1113 1131 Tich.
1209 1086 1266 1129 47
1325 1088 1376 1134 21

726 1205 836 1247 DIE
859 1203 911 1246 14
925 1204 953 1255 J
957 1203 1053 1246 UN
1057 1203 1118 1254 IJ.

402 1274 628 1318 Lucidus
643 1274 905 1317 Humerus
925 1273 1200 1327 Erichtonij
1223 1273 1274 1315 in
1293 1273 1441 1315 meri-

459 1333 613 1376 diano
647 1331 1026 1386 septentrionali
1062 1331 1245 1374 habuit
1276 1330 1441 1374 altitu-

458 1390 630 1433 dinem
655 1390 928 1432 minimam
954 1401 1047 1443 per
1071 1389 1208 1432 Sext.
1230 1389 1286 1445 Δ
1305 1392 1440 1433 vete-

457 1460 569 1491 rem
1212 1447 1260 1489 11
1295 1447 1353 1490 26
1383 1448 1440 1491 50

722 1528 830 1570 DIE
855 1528 907 1570 10
921 1527 950 1579 J
955 1527 1111 1580 ULIJ.

399 1597 624 1641 Vulturis
644 1598 814 1641 lucida
836 1609 930 1652 per
947 1597 1087 1641 Tich.
1208 1598 1260 1641 41
1295 1598 1353 1642 56

836 1667 931 1710 ρει·
947 1656 1079 1699 Port.
1207 1656 1260 1699 41
1295 1657 1376 1704 56³5

722 1760 831 1803 DIE
850 1760 907 1803 28
922 1760 950 1812 J
955 1761 1098 1812 ULIJ
1103 1794 1112 1803 .

398 1830 573 1873 Cauda
593 1830 821 1873 Vulturis
843 1842 936 1885 per
954 1831 1086 1874 Port.
1206 1831 1263 1875 47
1293 1832 1350 1874 25

604 1900 698 1942 ρει·
710 1889 846 1931 Sext.
860 1889 915 1945 Δ
926 1900 1065 1940 nou„
1083 1889 1193 1933 fere
1206 1890 1263 1933 47
1293 1890 1350 1933 25

396 1947 560 1989 Parua
574 1947 707 1990 illius
721 1947 872 2001 supra
918 1959 1011 2001 per
1029 1948 1161 1991 Port.
1206 1948 1262 1991 43
1293 1948 1372 1995 461

397 2004 573 2047 Lucid.
586 2004 722 2048 Vult.
917 2016 1010 2059 per
1023 2005 1159 2049 Sext.

1064 2076 1184 2108 nou.
1206 2064 1262 2108 43
1293 2064 1370 2111 463

397 2121 594 2164 Lucida
622 2121 757 2164 Vult.
790 2133 885 2176 per
907 2121 1047 2165 Tich.
1205 2123 1257 2165 41
1292 2123 1375 2170 56}

787 2191 882 2234 per
898 2180 1086 2223 Portat.
1205 2181 1258 2224 41
1293 2181 1374 2229 56⁴}

786 2249 881 2293 per
899 2238 1037 2282 Sext.
1058 2250 1178 2283 nou.
1206 2240 1258 2282 41
1292 2240 1370 2287 563

411 2295 617 2338 Sinistra
637 2309 745 2339 ma·
792 2308 885 2351 per
902 2298 1035 2341 Port.
1205 2298 1263 2341 32
1324 2299 1375 2345 72}

422 2365 519 2397 nus
537 2355 744 2398 Antinoi
793 2367 886 2410 per
904 2355 1041 2399 Sext.
1064 2367 1184 2400 nou.
1205 2357 1263 2400 32
1322 2358 1374 2404 71

423 2412 667 2466 Superior
682 2414 733 2456 in
793 2426 887 2468 per
904 2415 1091 2457 Portat.
1205 2415 1262 2458 20
1292 2415 1373 2462 23}

412 2482 576 2513 cornu
587 2471 736 2525 Capr.
792 2483 886 2526 per
904 2473 1040 2516 Sext.
1062 2484 1182 2517 nou.
1204 2473 1262 2516 20
1291 2473 1373 2520 231

461 2529 679 2572 Inferior
789 2541 883 2584 per
900 2531 1032 2574 Port.
1209 2531 1261 2574 18
1320 2531 1373 2578 8}

429 2587 714 2630 earundem
791 2589 1183 2643 perSext.nou.‚

1078 2647 1188 2692 fere
1209 2647 1261 2691 18
1321 2648 1349 2691 8

452 2703 569 2746 Non
594 2704 842 2758 exquisita
868 2705 984 2749 haec
1010 2707 1262 2761 posterior
1285 2718 1436 2762 prop·

391 2764 470 2804 ter
489 2761 879 2807 festinationem.
1360 2777 1362 2779 ·

670 2868 781 2910 DIE
799 2869 828 2911 6
846 2869 1154 2913 AUGUSTI.

393 2936 659 2980 Luc.Vult.
678 2949 771 2991 per
789 2938 920 2982 Port.
1203 2939 1255 2983 41
1290 2940 1348 2984 56

676 3006 770 3050 ρει·
788 2996 923 3040 Sext.
1203 2997 1255 3040 41
1291 2998 1348 3041 56

671 3100 780 3143 DIE
800 3100 827 3143 8
846 3102 1153 3146 AUGUSTI.

393 3170 518 3213 Luc.
534 3169 670 3213 Vult.
692 3181 786 3224 per
802 3171 934 3214 Port.
1201 3172 1254 3214 41
1290 3174 1346 3215 57

687 3240 781 3282 ρει·
799 3229 936 3272 Sext.
1200 3230 1252 3272 41
1289 3231 1370 3277 56}

449 3285 647 3329 Ventus
666 3290 779 3330 erat
797 3287 1015 3331 validus.

1423 307 1547 359 1584

1784 440 1895 482 DIE
1919 439 1972 482 14
1990 439 2297 483 AUGUSTI.

1519 511 1683 552 Parua
1705 509 1856 562 supra
1869 508 2140 551 Vulturem

1911 577 2004 619 per
2023 566 2159 609 Sext.
2182 578 2302 610 nou.
2329 567 2385 611 43
2415 568 2491 615 46}

1519 625 1644 667 Luc.
1659 623 1796 666 Vult.
1818 634 1911 677 per
1930 623 2067 666 Sext.
2088 635 2302 676 nouum,

2062 682 2306 736 exquifite
2327 682 2380 737 41
2415 683 2494 730 561

1517 739 1706 781 Manus
1717 738 1925 781 Antinoi
1937 750 2031 792 per
2043 739 2179 783 Sext.
2195 751 2316 784 nou.
2327 741 2385 784 32
2445 743 2491 787 7-1

1934 807 2028 850 ρει·
2045 798 2231 841 Portat.
2327 799 2384 841 32
2442 798 2471 841 8

1515 854 1760 908 Superius
1780 865 1945 898 cornu
1970 859 2004 906 z
2027 867 2121 909 per
2139 856 2275 899 Sext.
2326 856 2384 899 20
2413 857 2471 899 24

1515 912 1733 956 Inferius
1753 923 1918 955 cornu
1942 917 1976 964 z
2000 924 2092 966 per
2110 914 2241 958 Port.
2331 913 2383 957 18
2443 915 2494 961 7}

1975 1004 1977 1006 .
2002 982 2095 1025 per
2113 971 2250 1015 Sext.
2331 971 2383 1015 18
2443 973 2494 1018 7}

1779 1063 1890 1106 DIE
1913 1063 1965 1106 15
1984 1064 2291 1108 AUGUSTI.

1512 1133 1605 1176 Per
1623 1132 1925 1176 Sextantem
1943 1145 2157 1177 nouum.

1512 1192 1679 1234 Parua
1699 1191 1851 1245 supra
1862 1190 1999 1235 Vult.
2322 1191 2379 1235 43
2409 1191 2486 1239 4622

1514 1248 1714 1292 Lucida
1726 1249 1955 1292 Vulturis
2322 1250 2374 1292 4l
2409 1250 2467 1292 56
2496 1251 2555 1294 30

1514 1307 1702 1350 Manus
1720 1307 1928 1350 Antinoi
2321 1308 2379 1351 32
2439 1309 2464 1351 7
2496 1308 2553 1351 40

1512 1365 1757 1420 Superius
1777 1376 1942 1409 cornu
1966 1370 2001 1416 z
2015 1397 2027 1416 ,

1897 1434 2003 1467 non
2022 1423 2141 1467 satis
2160 1427 2304 1467 certa
2322 1423 2379 1467 20
2409 1424 2465 1467 23

1777 1527 1887 1570 DIE
1911 1527 1964 1570 19
1981 1527 2289 1571 AUGUSTI.

1513 1598 1638 1642 Luc.
1655 1598 1789 1641 Vult.
1812 1608 1904 1651 per
1923 1597 2060 1641 Sext.
2082 1609 2202 1641 nou.

1813 1667 1907 1710 per
1924 1657 2056 1699 Port.

1511 1714 1669 1758 Stella
1677 1714 1922 1768 quaedam
1934 1714 1985 1756 in
1995 1713 2166 1768 capite
2174 1713 2316 1768 Equi,

2073 1783 2167 1826 per
2178 1773 2310 1816 Port.
2322 1772 2379 1815 37
2408 1772 2460 1814 41

1512 1830 1776 1874 Humerus
1787 1830 1978 1873 sinister
1987 1839 2059 1883 xa,
2075 1842 2168 1885 per
2177 1831 2309 1874 Port.
2321 1830 2379 1873 26
2408 1830 2489 1877 462}

1855 1899 1948 1943 per
1961 1888 2097 1932 Sext.
2113 1899 2312 1932 nouum
2321 1888 2378 1932 26
2408 1888 2488 1935 462}

1509 1948 1813 1991 Praecedens
1831 1947 1884 1990 in
1903 1947 2074 1990 cauda
2099 1951 2133 1998 z

2055 2017 2149 2059 per
2168 2006 2300 2048 Port.
2326 2004 2378 2047 15
2408 2005 2490 2051 40}

1509 2064 1740 2118 Sequens
1757 2064 1810 2107 in
1829 2064 2001 2107 cauda
2025 2068 2060 2115 z

1910 2133 2004 2176 per
2022 2122 2159 2165 Sext.
2180 2132 2300 2164 nou.
2327 2120 2378 2164 16
2413 2121 2459 2163 11

1568 2181 1708 2225 Inter
1725 2181 2011 2225 nubeculas
2031 2180 2453 2224 obseruabantur.

1775 2286 1885 2328 DIE
1905 2285 1962 2328 20
1980 2284 2288 2328 AUGUSTI.

1511 2357 1636 2400 Luc.
1651 2355 1880 2399 Vulturis
1905 2366 1999 2410 per
2018 2355 2154 2398 Sext.
2176 2366 2296 2398 nou.
2321 2354 2372 2396 41
2407 2354 2465 2397 56
2494 2354 2551 2397 35

1509 2415 1698 2458 Luc.i11
1711 2413 2180 2468 caudazperSext.
2190 2412 2377 2456 nou.16
2411 2413 2458 2454 ll
2522 2412 2551 2455 0

1773 2519 1884 2561 DIE
1903 2519 1954 2561 21
1979 2517 2287 2561 AUGUSTI.

1509 2590 1697 2633 Manus
1716 2588 1924 2632 Antinoi
1942 2599 2036 2643 per
2053 2589 2240 2631 Portat.
2319 2588 2376 2631 32
2436 2587 2486 2634 72}

1603 2659 1697 2702 per
1715 2648 1853 2691 Sext.
1874 2658 2013 2699 nou„
2034 2658 2139 2691 non
2159 2647 2300 2690 bona
2318 2646 2375 2689 32
2435 2647 2461 2689 7
2497 2645 2550 2688 10

1508 2707 1752 2762 Superius
1772 2717 1938 2749 cornu
1966 2709 2000 2757 z

1902 2775 1995 2818 per
2013 2763 2150 2806 Sext.
2172 2773 2292 2806 nou.
2319 2762 2377 2805 20
2406 2762 2462 2805 23

1902 2833 1996 2876 ρει·
2013 2822 2146 2865 Port.
2318 2820 2376 2864 20
2405 2820 2482 2866 231

1509 2881 1726 2925 Inferius
1746 2892 1911 2925 cornu
1936 2885 1970 2932 z

1902 2949 1994 2993 per
2012 2938 2149 2981 Sext.
2171 2948 2292 2981 nou.
2324 2936 2375 2979 18
2435 2936 2487 2983 71

1901 3007 1995 3051 ρει·
2009 2997 2141 3039 Port.
2323 2994 2375 3038 18
2435 2995 2486 3041 7}

1507 3056 1685 3100 Cauda
1705 3054 1945 3110 Delphini
1963 3065 2058 3109 per
2075 3054 2280 3104 Portat.,

1878 3125 1984 3157 non
2004 3112 2122 3155 satis
2141 3111 2385 3165 exquifite
2404 3111 2461 3154 44
2520 3110 2549 3153 4

1830 3183 1924 3226 per
1942 3171 2079 3215 Sext.
2099 3181 2299 3214 nouum
2317 3169 2375 3212 44
2433 3169 2482 3215 31

1504 3230 1810 3274 Praecedens
1828 3230 1880 3273 in
1899 3230 1955 3286 Ι]
1975 3228 2216 3283 Delphini

1908 3297 2003 3343 per
2020 3290 2298 3340 vtrumque
2316 3285 2373 3328 47
2408 3285 2460 3328 18

2321 1597 2373 1640 41
2409 1598 2487 1644 562}

2320 1655 2373 1698 41
2409 1657 2464 1698 57
