2690 4178
386 342 521 393 XVI
920 338 1576 391 PROLEGOMENA
1602 335 1998 388 EDITORIS

454 478 547 519 Per
560 487 742 519 omnes
757 478 933 518 autem
947 475 1169 528 quinque
1184 485 1349 517 annos
1364 474 1509 523 ordo,
1529 484 1686 527 quem
1700 472 1931 526 sequitur
1943 472 2112 514 codex
2124 471 2185 522 V,
2208 472 2275 514 ad
2288 483 2532 515 normam

386 547 494 601 ejus
514 545 707 588 ordinis
726 544 1047 598 compositus
1067 547 1158 594 est,
1180 543 1266 597 qui
1285 543 1336 585 in
1355 543 1457 585 hoc
1479 542 1660 585 codice
1681 542 1717 584 C
1738 543 1968 595 apparet.

600 717 818 760 CODEX
839 716 882 758 D
904 737 957 753 =
977 716 1091 758 Ant.
1115 717 1237 758 Coll.
1261 717 1374 769 Reg.
1395 715 1481 756 312
1500 714 1552 756 in
1571 714 1659 758 fol.
1682 714 1910 757 continet
1928 713 2319 757 observationes

807 797 1064 828 annorum
1089 783 1347 826 1587—89
1367 787 1417 826 et
1437 783 1826 826 observationes
1845 783 2111 825 stellarum

1057 854 1283 896 fixarum
1303 864 1562 895 annorum
1586 851 1860 894 1590--94.

455 960 729 1003 Involucro
749 958 962 1002 vestitus
986 958 1082 1000 fuit
1109 958 1532 1007 membranaceo,
1562 957 1702 1010 quod
1726 956 1805 998 bis
1832 956 1962 999 binis
1989 955 2219 1010 corrigiis
2239 956 2534 1000 contineba-

382 1032 486 1080 tur;
509 1040 645 1071 nunc
665 1029 716 1070 in
736 1029 867 1071 duos
885 1031 1059 1071 tomos
1079 1027 1272 1069 divisus
1292 1030 1382 1069 est.
1406 1027 1544 1069 Folia
1565 1025 1792 1069 continet
1810 1025 1897 1068 352
1915 1028 2108 1079 praeter
2123 1037 2295 1080 pauca
2311 1026 2531 1078 minora,

384 1110 502 1151 quae
522 1098 653 1140 inter
670 1098 757 1140 illa
776 1098 968 1140 inserta
987 1100 1119 1139 sunt.
1140 1096 1332 1138 Titulus
1352 1107 1457 1139 non
1478 1098 1708 1149 apparet.

452 1167 585 1209 Anni
616 1166 747 1208 1587
777 1170 827 1209 et
859 1165 991 1208 1588
1019 1166 1255 1219 praebent
1283 1164 1673 1208 observationes
1699 1164 1829 1207 Solis
1858 1167 1910 1207 et
1934 1165 2098 1208 Lunae
2127 1167 2178 1208 et
2205 1166 2533 1219 planetarum

382 1235 626 1289 integras;
649 1239 702 1278 at
721 1236 905 1278 desunt
925 1246 1107 1278 omnes
1128 1235 1518 1277 observationes
1537 1235 1806 1276 stellarum
1824 1234 2067 1277 fixarum.

451 1306 629 1347 Annus
659 1304 791 1347 1589
816 1305 1015 1358 praebet
1040 1304 1431 1347 observationes
1457 1303 1588 1346 Solis
1613 1307 1663 1346 et
1689 1304 1853 1346 Lunae
1879 1307 1930 1346 et
1954 1305 2282 1358 planetarum
2310 1304 2534 1359 integras

381 1386 545 1428 usque
565 1375 632 1416 ad
647 1374 761 1425 Jun.
784 1374 831 1416 d.
852 1374 900 1424 23
929 1376 1046 1426 post
1069 1373 1208 1415 hunc
1229 1384 1355 1416 vero
1377 1373 1513 1415 diem
1533 1376 1738 1415 tantum
1757 1373 1889 1416 inest
1909 1373 2206 1417 observatio
2233 1374 2397 1417 Lunae
2417 1373 2530 1417 Oct.

382 1444 429 1486 d.
458 1445 484 1486 7
513 1447 564 1486 et
582 1443 795 1486 Veneris
822 1443 945 1485 Dec.
975 1444 1022 1485 d.
1056 1443 1123 1494 15,
1154 1443 1205 1484 in
1233 1443 1422 1485 eodem
1451 1442 1574 1485 folio
1603 1445 1839 1496 utraque.
1871 1443 2091 1497 Integrae
2118 1446 2237 1487 sunt
2264 1445 2532 1488 stellarum

380 1512 605 1554 fixarum
626 1511 1030 1555 observationes.

448 1582 582 1623 Anni
617 1580 876 1623 1590—94
908 1584 1112 1623 tantum
1143 1581 1379 1635 praebent
1409 1582 1677 1624 stellarum
1709 1582 1935 1624 fixarum
1968 1583 2375 1635 observationes,
2414 1595 2533 1637 quae

379 1661 593 1704 prorsus
617 1651 828 1705 integrae
850 1654 982 1693 sunt.
1012 1651 1244 1693 Eundem
1269 1651 1378 1694 fere
1404 1651 1642 1694 ordinem
1667 1651 1718 1693 in
1743 1651 1823 1694 his
1850 1655 2024 1695 servat
2047 1653 2132 1696 hic
2159 1654 2343 1705 codex,
2371 1653 2458 1707 qui
2482 1653 2535 1696 in

380 1720 561 1762 codice
586 1720 631 1762 V
657 1724 707 1762 et
731 1720 782 1762 in
807 1719 1044 1762 Hister-Ia
1076 1719 1297 1763 Coelesti
1320 1724 1552 1774 apparet,
1580 1724 1631 1763 et
1655 1721 1971 1776 ubicumque
1997 1722 2114 1766 haec
2141 1723 2534 1766 observationes

379 1800 635 1832 annorum
659 1789 879 1832 1589—91
904 1790 1220 1843 permiscuit,
1240 1791 1380 1833 idem
1399 1790 1452 1832 in
1471 1790 1654 1833 codice
1668 1791 1713 1833 D
1729 1791 2143 1845 deprehenditur.
2168 1792 2368 1846 Nempe
2385 1792 2534 1836 libra—

378 1858 484 1900 rius
504 1859 698 1901 codicis
716 1858 762 1901 V
780 1859 877 1901 has
895 1860 1163 1902 stellarum
1182 1860 1410 1902 fixarum
1436 1860 1828 1904 observationes
1853 1862 2006 1915 plane
2031 1863 2219 1906 eodem
2245 1861 2425 1906 ordine
2451 1873 2535 1905 ex-

377 1928 595 1981 scripsit,
623 1940 725 1982 quo
746 1928 796 1971 in
817 1929 998 1972 codice
1019 1929 1065 1971 D
1085 1929 1292 1981 invenit,
1319 1929 1495 1973 nonin
1516 1942 1681 1973 annos
1704 1931 1974 1983 distribuit,
2003 1942 2106 1985 quo
2131 1931 2332 1974 factum
2358 1935 2450 1983 est,
2477 1935 2533 1974 ut

376 1996 428 2038 in
446 1997 547 2040 hac
567 2001 716 2051 parte
729 1997 982 2041 HistorIae
999 1997 1250 2041 Coelestis
1264 1999 1434 2053 gravis
1449 1999 1685 2043 confusio
1701 2004 1965 2054 appareat.
1988 2001 2392 2045 Observationes
2405 2012 2532 2044 vero

378 2078 636 2109 annorum
660 2067 885 2110 1592—94
904 2079 1010 2111 non
1028 2068 1301 2122 permixtae
1320 2071 1453 2112 sunt.

446 2136 503 2177 In
522 2136 693 2190 priore
713 2140 860 2190 parte
878 2137 1030 2192 hujus
1051 2138 1246 2181 codicis
1266 2150 1407 2192 saepe
1428 2139 1656 2182 occurrit
1668 2139 1928 2193 Tychonis
1944 2152 2146 2192 manus,
2169 2152 2288 2194 quae
2303 2140 2354 2183 in
2367 2141 2533 2184 stella-

376 2217 493 2247 rum
512 2206 737 2249 fixarum
759 2207 1210 2251 observationibus
1229 2208 1317 2251 vix
1335 2219 1441 2251 uno
1461 2209 1580 2251 loco
1599 2208 1870 2252 invenitur.

445 2275 644 2318 Folium
662 2276 743 2318 211
766 2276 972 2319 titulum
991 2277 1193 2330 praebet
1210 2278 1290 2320 his
1310 2278 1503 2321 verbis:

1290 2405 1479 2449 ANNO
1504 2406 1614 2448 1589

1187 2475 1719 2519 OBSERUATIONES

1303 2533 1602 2576 FIXARUM

653 2600 794 2643 Plato
813 2600 866 2642 in
885 2600 1186 2654 Epinomide

745 2681 920 2724 Vnum
940 2685 1017 2725 est
1035 2686 1238 2726 naturae
1257 2684 1539 2735 vinculum,
1561 2684 1800 2727 doctrina
1818 2697 2160 2728 numerorum

843 2740 1129 2794 figurarum
1149 2744 1199 2783 et
1218 2741 1456 2784 motuum
1477 2743 1784 2794 coelestium,
1806 2754 1869 2786 ac
1889 2743 1933 2786 si
1952 2744 2065 2797 quis

975 2798 1133 2841 aliam
1152 2799 1295 2841 viam
1314 2799 1382 2842 ad
1402 2800 1708 2843 discendum
1729 2801 1929 2854 quaerit,

1169 2857 1436 2900 fortunam
1453 2858 1663 2901 inuocet
1681 2861 1737 2901 vt

1313 2915 1415 2959 dici
1432 2917 1601 2959 solet.¹

446 3041 457 3066 ¹
480 3041 575 3076 Plat.
595 3042 713 3086 Epiti.
733 3052 771 3086 p.
790 3042 859 3077 976
881 3043 911 3077 Ε
932 3052 1008 3087 sq.:
1034 3043 1083 3078 cf.
1105 3042 1176 3087 Op.
1196 3046 1292 3079 tom.
1311 3045 1364 3079 vl
1384 3055 1420 3089 p.
1441 3045 1557 3085 269,2⁵
1577 3055 1661 3090 sqq.
1683 3056 1778 3081 cum
1799 3044 2065 3081 annotatione
2091 3048 2240 3082 nostra.
2267 3045 2461 3091 Legimus
2486 3046 2530 3082 in

375 3098 586 3133 RESENII
610 3099 954 3144 Inscriptionibus
973 3101 1294 3137 Haffniensibus
1320 3102 1443 3144 (1668)
1469 3114 1506 3147 p.
1527 3103 1605 3143 334,
1631 3102 1808 3147 priorem
1833 3106 1988 3148 partem
2014 3102 2142 3147 hujus
2170 3103 2300 3140 »Dieti
2326 3103 2527 3140 Platonis«

375 3155 566 3200 scriptam
581 3156 709 3192 fuisse
724 3157 975 3203 Uraniburgi
991 3158 1033 3193 in
1048 3169 1167 3194 muro
1187 3159 1338 3204 aliquo.
1358 3160 1505 3195 Totum
1525 3171 1620 3196 vero
1640 3164 1763 3206 atque
1783 3161 1864 3197 alia
1882 3163 2076 3206 praeterea
2096 3161 2244 3206 scripta
2264 3161 2530 3198 inveniuntur

375 3213 468 3255 (nee
491 3216 630 3250 tamen
649 3215 859 3260 Tychonis
884 3217 1030 3258 manu)
1056 3216 1099 3251 in
1125 3217 1311 3261 exemplo
1337 3218 1518 3263 quodam
1543 3219 1846 3254 REINHOLDI
1870 3219 2115 3254 Tabularum
2135 3220 2460 3274 Prut'enicamm,
2486 3219 2530 3255 in

374 3281 457 3316 quo
479 3272 622 3317 Tycho
649 3272 824 3317 scripsit:
858 3273 971 3309 »Emi
999 3275 1137 3319 Pragae
1166 3285 1278 3310 anno
1310 3276 1393 3310 1601
1426 3286 1569 3311 mense
1596 3276 1756 3320 Junio«.
1776 3276 1865 3312 Vid.
1901 3277 1940 3312 F.
1958 3277 1991 3320 J.
2012 3277 2336 3318 STUDNICKA,
2361 3278 2532 3313 Rex-iem

374 3332 476 3364 iiber
491 3331 557 3365 die
576 3332 907 3375 astrologischen
929 3332 1102 3368 Studien
1124 3334 1199 3368 des
1221 3334 1363 3377 Tycho
1382 3335 1522 3368 Brahe
1542 3334 1697 3379 (Pragoe
1720 3335 1824 3376 1901)
1845 3346 1886 3379 p.
1902 3336 1958 3370 43.
