2742 4204
446 324 513 374 72
1457 318 1583 369 1578

448 458 593 500 Hora
612 457 639 499 4
660 457 914 499 matutina
938 455 974 513 b
998 456 1215 499 distabat
1234 456 1285 498 in
1305 454 1668 508 consequentia
1690 466 1720 496 a
1740 454 1913 497 lucida

1348 525 1466 566 quae
1486 512 1625 555 estin
1645 512 1814 565 capite
1836 514 1888 566 ,ᾖ
1909 513 1931 536 *
1950 543 1971 567 ,,,
1990 513 2012 536 *
2036 512 2190 553 12032¹
2247 517 2316 547 Hae
2326 517 2597 549 obseruationes

447 573 592 616 Hora
611 573 664 619 4}
681 573 1053 616 remouebatur
1075 573 1121 626 ὅ·
1147 571 1212 614 ab
1234 571 1419 614 eadem
1441 572 1493 624 ,εἴ
1515 570 1654 612 stella
2036 569 2088 611 13
2118 568 2175 610 48
2247 563 2328 593 rum
2346 562 2448 594 ΜΞ
2465 564 2502 594 ³¹¹
2521 564 2597 603 ³Ps0

658 632 704 685 <3¹
730 631 795 673 ab
817 630 1116 673 australiore
1136 629 1303 671 dextri
1322 640 1486 671 cornu
1511 632 1545 678 z
2062 628 2088 668 7
2153 626 2171 668 l
2248 609 2599 694 ἓῗξιζῐζὲᾋῃὲᾞξ

664 687 700 746 ἦ
724 692 774 731 et
797 690 844 743 (ς’
869 689 934 730 ab
955 687 1180 730 inuicem
1200 686 1388 729 remoti
2062 685 2089 726 2
2149 684 2177 726 4
2288 701 2370 733 esset
2389 702 2556 734 oriturus.

653 745 1279 789 Australiordextricornu
1293 749 1326 795 z
1340 743 1570 786 etlucida
1578 742 1761 795 capitis
1770 742 2022 796 Sagittarij
2040 741 2091 783 18
2151 741 2179 784 O

595 804 751 846 Vtere
772 802 1215 846 antecedentibus
1237 799 1692 844 obseruationibus
1707 809 1807 852 pro
1826 799 1998 841 Marte
2020 799 2076 841 et
2092 798 2296 853 corrige
2316 799 2456 842 illas.

1296 906 1406 947 DIE
1430 904 1482 946 18
1503 903 1746 954 MARTIJ.

446 972 546 1014 Cor
567 971 619 1028 Ω
641 975 691 1014 et
710 971 882 1013 lucida
902 970 1021 1012 colli
1041 970 1150 1012 eius
1348 969 1397 1010 8⁰
1410 968 1461 1010 17
1472 970 1484 992 ‘
1557 967 1709 1020 Spica
1729 970 1780 1009 et
1798 967 1970 1009 lucida
1990 967 2041 1009 in
2061 968 2243 1010 dextra

445 1029 710 1071 Sinistrum
730 1029 901 1071 femur
921 1032 971 1070 et
991 1039 1126 1070 coxa
1148 1027 1200 1083 Ω
1347 1028 1374 1068 5
1433 1026 1461 1067 4
2164 1027 2247 1068 ala
2268 1027 2414 1069 corui
2437 1027 2599 1074 17055}

444 1087 545 1129 Cor
566 1087 617 1143 Ω
639 1090 690 1129 et
710 1087 849 1129 stella
869 1086 926 1128 3¹³e
948 1098 1081 1139 mag.
1105 1085 1155 1126 in
1557 1082 1822 1125 Borealior
1839 1083 2068 1125 lancium
2088 1086 2144 1138 §g
2163 1087 2214 1126 et
2233 1084 2384 1138 Spica
2432 1085 2488 1127 27
2523 1086 2574 1128 17

956 1143 1170 1185 maxilla
1190 1142 1298 1184 eius
1323 1142 1374 1183 12
1405 1141 1462 1183 59
1555 1140 1836 1183 Australior
1855 1141 2084 1184 lancium
2104 1144 2159 1196 Q
2180 1145 2230 1184 et
2249 1142 2401 1196 Spica
2432 1143 2483 1184 21
2523 1143 2574 1186 17

445 1202 574 1244 Haec
596 1202 810 1244 maxilla
830 1205 880 1244 et
901 1201 1074 1243 lucida
1094 1200 1213 1243 colli
1348 1199 1374 1240 8
1405 1199 1461 1241 43
1555 1198 1787 1251 Vtraque
1806 1199 1930 1240 lanx
1950 1201 2005 1253 Q
2461 1201 2489 1243 9
2548 1202 2575 1244 6

443 1261 585 1302 cha
606 1263 656 1302 et
675 1260 846 1302 cauda
867 1259 920 1315 Ω
1322 1257 1374 1299 10
1409 1257 1484 1302 13ὲ
1556 1256 1775 1299 Interior
1793 1256 1845 1298 in
1865 1257 2038 1300 medio
2059 1258 2258 1300 dextrae

443 1318 631 1361 Femur
650 1317 898 1359 sinistrum
919 1319 969 1359 et
988 1316 1159 1358 cauda
1181 1315 1232 1372 Ω
1347 1315 1373 1356 8
1404 1315 1485 1360 22ὲ
1902 1316 2001 1358 alae
2017 1314 2081 1372 m)
2097 1318 2147 1358 et
2167 1317 2338 1358 cauda
2359 1316 2412 1373 Ω
2437 1316 2489 1359 18
2548 1317 2598 1363 4ὲ

443 1375 641 1418 Lucida
661 1376 712 1417 in
727 1375 910 1417 dextra
931 1375 1015 1416 ala
1035 1373 1182 1416 corui
1203 1376 1253 1415 et
1556 1372 1734 1414 Cauda
1755 1372 1808 1429 Ω
1830 1376 1880 1415 et
1897 1373 2050 1416 tertia
2071 1374 2170 1416 alae
2191 1373 2256 1430 m)
2432 1375 2489 1417 20
2519 1375 2576 1417 26

672 1433 824 1476 tertia
843 1433 894 1474 in
917 1433 1000 1474 ala
1021 1431 1211 1474 sinistra
1232 1430 1296 1486 m)
1322 1431 1373 1472 17
1409 1430 1460 1472 13
1557 1430 1688 1472 Haec
1711 1431 1810 1472 alae
1831 1430 1896 1487 m)
1918 1434 1968 1474 et
1988 1443 2051 1474 ea
2071 1443 2190 1485 quae
2210 1432 2279 1475 est
2298 1432 2350 1474 in

443 1491 638 1534 Eadem
649 1491 700 1533 in
715 1492 800 1533 ala
811 1488 1135 1545 finistranPet
1145 1489 1298 1542 Spica
1322 1488 1374 1530 14
1404 1488 1484 1534 21}
1614 1488 1857 1531 interiore
1867 1492 2015 1542 parte
2028 1490 2127 1532 alae
2139 1490 2337 1533 dextrae
2350 1489 2414 1546 m>
2437 1490 2488 1533 13
2518 1490 2599 1537 243

1216 1593 1327 1635 DIE
1347 1592 1404 1634 24
1425 1592 1821 1636 NOUEMBRIS.

443 1659 581 1701 Inter
600 1658 810 1711 Spicam
830 1660 881 1701 et
901 1658 1198 1711 supremam
1218 1657 1269 1698 in
1290 1658 1374 1699 ala
1396 1655 1460 1712 m)
2217 1658 2295 1700 270
2323 1658 2366 1700 8¹
2388 1671 2452 1702 en
2471 1660 2596 1713 plati

443 1717 580 1759 Inter
598 1727 823 1770 propum
843 1719 894 1759 et
914 1715 1166 1769 sequentis
1184 1715 1232 1770 ][
1251 1717 1409 1768 caput
2222 1716 2278 1759 23
2326 1717 2354 1759 6

441 1775 580 1818 Inter
598 1774 822 1818 eandem
840 1775 887 1830 Π
906 1777 957 1817 et
977 1784 1069 1816 cor
1090 1773 1143 1830 Ω
2222 1774 2279 1817 36
2298 1776 2354 1817 57

1168 1902 1504 1954 THADAEI
1528 1903 1865 1965 HAGECIJ

469 1973 824 2035 ALIQUOT
850 1972 1495 2025 OBSERUATIONES
1520 1973 1814 2025 MARTIS
1839 1973 1953 2025 AD
1981 1973 2311 2026 STELLAS
2337 1975 2563 2027 FIXAS

1103 2042 1200 2093 ET
1226 2043 1509 2094 EARUM
1536 2043 1770 2094 INTER
1797 2043 1900 2095 SE.

497 2122 668 2164 Prima
687 2134 809 2164 mea
829 2122 1120 2164 obseruatio
1140 2122 1291 2164 Anno
1311 2121 1367 2163 78
1388 2121 1526 2164 facta
1552 2122 1646 2164 fuit
1666 2123 1747 2166 die
1767 2122 1824 2165 24
1844 2123 2161 2176 Septembris
2186 2124 2319 2166 hora
2338 2123 2366 2166 9
2385 2125 2431 2166 P.
2455 2124 2524 2166 M.
2547 2127 2598 2167 et

440 2180 756 2233 deprehendi
776 2179 1069 2222 distantiam
1093 2181 1140 2234 ἅ
1166 2192 1197 2222 a
1217 2180 1388 2233 prima
1408 2180 1550 2223 stella
1568 2185 1627 2232 V
1645 2193 1739 2234 per
1757 2181 1964 2224 radium
1983 2181 2040 2224 20
2060 2194 2103 2236 g.
2131 2182 2203 2224 1¹.¹

498 2238 593 2281 Die
612 2238 668 2280 25
688 2238 824 2291 Sept.
847 2238 1071 2281 eandem
1092 2238 1384 2281 distantiam
1404 2238 1576 2281 inueni
1856 2239 1913 2282 20
1943 2240 2032 2282 27⁴.

498 2296 592 2339 Die
612 2296 669 2338 29
689 2296 961 2339 obseruaui
981 2296 1274 2339 distantiam
1298 2297 1344 2351 ἅ
1371 2308 1402 2338 a
1427 2297 1598 2350 prima
1621 2297 1762 2340 stella
1780 2302 1839 2350 V
1856 2298 1907 2339 21
1943 2298 2000 2340 28

887 2356 889 2358 ’
1426 2355 1651 2398 secunda
1855 2356 1912 2398 22
1943 2355 2000 2398 34

1423 2413 1576 2455 tertia
1856 2414 1913 2456 26
1944 2413 2001 2456 39

499 2469 748 2512 Distantia
766 2470 952 2523 primae
974 2470 1130 2513 stellae
1147 2475 1207 2522 V
1227 2483 1258 2513 a
1279 2471 1504 2513 fecunda
1891 2472 1908 2513 1
1944 2472 2000 2515 33

498 2528 747 2571 Distantia
766 2528 1006 2571 secundae
1026 2528 1182 2571 stellae
1201 2533 1260 2579 V
1280 2541 1311 2571 a
1329 2529 1483 2572 tertia
1887 2530 1916 2572 4
1980 2531 1997 2572 1

498 2586 694 2629 Eodem
712 2586 793 2629 die
813 2598 878 2628 ex
892 2586 1127 2629 distantia
1146 2588 1192 2641 d*
1213 2598 1244 2629 a
1259 2587 1482 2629 secunda
1497 2587 1638 2630 stella
1650 2592 1709 2638 V
1721 2588 1960 2631 inuentus
1981 2589 2049 2631 est
2069 2590 2216 2631 locus
2234 2590 2280 2643 ὅ·
2299 2589 2351 2630 in
2368 2589 2421 2631 10
2444 2588 2511 2631 16⁴
2525 2594 2597 2640 V.

440 2645 513 2686 Ex
527 2644 762 2687 distantia
776 2655 904 2687 vero
922 2646 969 2699 d*
989 2657 1021 2686 a
1038 2645 1192 2687 tertia
1212 2644 1354 2687 stella
1375 2645 1546 2688 inueni
1567 2646 1792 2689 eundem
1811 2648 1990 2689 locum
2009 2648 2056 2701 (ζ’
2074 2647 2126 2688 in
2145 2646 2172 2688 8
2191 2646 2264 2689 26‘
2277 2652 2349 2698 V.
2366 2648 2440 2689 En
2453 2648 2600 2690 locus

444 2703 491 2757 ὅ
510 2702 699 2745 eodem
716 2705 955 2755 tempore
980 2702 1047 2744 ad
1067 2702 1294 2745 diuersas
1310 2702 1477 2745 stellas
1497 2704 1849 2747 consideratus
1870 2715 1974 2747 non
1995 2704 2210 2747 ostendit
2229 2717 2392 2747 vnum
2411 2708 2462 2748 et
2482 2717 2600 2748 eun-

440 2760 562 2803 dem
581 2761 774 2803 locum.
796 2761 927 2815 Ergo
948 2764 1037 2803 aut
1063 2772 1183 2803 mea
1210 2761 1502 2804 obseruatio
1528 2761 1598 2804 est
1624 2761 1752 2804 falsa
1779 2765 1868 2804 aut
1893 2762 2188 2805 latitudines
2208 2762 2470 2806 stellarum
2495 2774 2600 2806 non

440 2818 552 2860 sunt
570 2830 728 2861 verae.

878 2876 895 2918 1
933 2874 1172 2920 Octobris
1193 2876 1428 2919 distantia
1452 2878 1499 2932 (3·
1524 2889 1556 2920 a
1575 2878 1746 2931 prima
1767 2878 1908 2922 stella
1925 2883 1985 2930 V
2014 2879 2066 2921 21
2101 2878 2174 2921 42¹

873 2935 901 2976 2
933 2933 1171 2978 Od'cobris
1192 2934 1427 2978 distantia
1451 2937 1498 2990 d*
1524 2948 1556 2978 a
1575 2936 1746 2989 prima
1767 2936 1909 2980 stella
1926 2941 1986 2988 V
2014 2937 2071 2980 22
2131 2937 2158 2980 3

1578 2994 1803 3037 secunda
2013 2995 2070 3038 23
2105 2995 2157 3037 15

1576 3052 1728 3095 tertia
2014 3053 2070 3096 27
2101 3053 2159 3096 24

873 3108 901 3151 3
932 3107 1173 3152 Od’tobris
1193 3108 1428 3152 distantia
1452 3111 1499 3165 (3⁸
1525 3122 1556 3152 a
1573 3111 1746 3164 prima
1766 3110 1906 3155 stella
1924 3115 1984 3164 V
2013 3111 2070 3154 22
2101 3111 2157 3154 24

1574 3169 1802 3269 {zara
2012 3169 2157 3270 ἐξὲξ

498 3307 508 3332 ¹
532 3311 572 3341 In
587 3310 749 3350 margine
763 3311 890 3350 Tycho
904 3311 1098 3351 adscripsit:
1116 3311 1212 3342 »NR
1230 3311 1390 3351 Oportet
1401 3312 1588 3351 inquirere
1602 3316 1776 3352 quantum
1791 3315 1920 3345 radius
1932 3315 1994 3345 hic
2006 3315 2045 3345 in
2060 3315 2106 3345 20
2120 3314 2164 3346 G.
2180 3315 2364 3346 aberret«.
