2742 4204
463 455 577 498 DIE
595 454 653 499 30
673 453 942 497 APRILIS.

1209 314 1337 366 1584

172 529 238 573 H.
253 528 282 571 4
318 527 394 574 10}
403 527 692 571 secundum
713 525 886 568 maius
906 524 1096 576 horol.‚

252 587 280 631 3
312 586 371 630 54
403 586 690 629 secundum
712 584 887 628 minus
906 584 1096 635 horol.‚

400 652 446 697 Θ
466 645 674 688 medius
693 644 832 687 visus
852 643 923 687 est
944 643 1084 686 oriri.

252 705 281 748 4
316 705 391 752 122}
401 705 500 748 sec.
523 703 698 746 maius
714 704 890 816 }totus
909 708 955 754 Θ
977 702 1114 745 visus
1134 701 1206 744 est

253 765 281 809 3
312 764 370 807 56
402 765 500 807 sec.
522 763 697 806 minus

170 826 270 868 Alt.
293 835 423 867 mer.
446 834 542 878 per
561 822 621 875 Q.
637 822 779 865 Tich.

169 885 264 928 Per
283 883 344 935 Q.
365 884 557 927 Portat.

169 945 264 986 Per
286 943 425 986 Sext.
446 942 652 997 Trigon.

169 1004 263 1046 Per
283 1001 343 1054 Q.
367 1001 666 1045 Maximum

526 1117 638 1159 DIE
658 1116 687 1159 2
708 1115 876 1167 MAIJ.

169 1190 263 1233 Per
282 1188 343 1240 Q.
364 1188 582 1232 Tichon.

169 1250 264 1292 Per
283 1248 343 1300 Q.
366 1249 557 1291 Portat.

119 1311 123 1315 ’
171 1309 266 1351 Per
284 1307 424 1351 Sext.
446 1307 650 1362 Trigon.

524 1423 636 1466 DIE
657 1423 684 1466 3
708 1423 876 1475 MAIJ.

168 1496 262 1538 Per
282 1494 342 1547 Q.
365 1494 582 1538 Tichon.

167 1556 262 1598 Per
281 1554 342 1607 Q.
364 1555 556 1597 Portat.

168 1615 262 1658 Per
281 1614 420 1657 Sext.
442 1613 646 1669 Trigon.
668 1617 831 1657 veter.

525 1730 638 1773 DIE
658 1729 688 1773 4
708 1730 877 1782 MAIJ.

168 1803 262 1845 Per
282 1801 343 1854 Q.
365 1801 581 1845 Tichon.

168 1862 263 1905 Per
282 1861 343 1913 Q.
365 1862 556 1905 Portat.

169 1921 263 1964 Per
282 1920 424 1964 Sext.
446 1921 650 1976 Trigon.

527 2037 641 2080 DIE
660 2038 688 2080 5
709 2037 879 2090 MAIJ.

168 2109 263 2151 Per
282 2107 343 2160 Q.
366 2107 581 2152 Tichon.

170 2168 263 2211 Per
283 2167 343 2219 Q.
366 2168 558 2212 Portat.

230 2227 350 2270 Non
370 2231 487 2271 erat
507 2227 640 2271 bene
662 2228 920 2272 serenum.

515 2343 628 2387 DIE
654 2344 707 2387 10
728 2344 897 2397 MAIJ.

170 2415 265 2458 Per
284 2414 345 2466 Q.
367 2414 584 2459 Tichon.

170 2474 264 2517 Per
284 2473 344 2526 Q.
368 2474 560 2518 Portat.

515 2591 626 2634 DIE
653 2591 705 2635 13
727 2592 882 2644 MAIJ

170 2663 266 2705 Per
285 2662 346 2714 Q.
368 2662 584 2706 Tichon.

171 2722 265 2765 Per
285 2721 345 2774 Q.
368 2723 560 2766 Portat.

516 2838 628 2881 DIE
653 2839 706 2882 14
728 2839 897 2892 MAIJ.

171 2909 265 2952 Per
287 2908 347 2961 Q.
368 2909 585 2953 Tichon.

171 2968 265 3011 Per
285 2968 346 3020 Q.
367 2969 560 3013 Portat.

171 3028 266 3071 Per
285 3028 346 3080 Q.
370 3028 633 3072 Maiorem

504 3145 616 3188 DIE
641 3145 709 3189 18.
733 3146 902 3197 MAIJ.

170 3215 265 3258 Per
284 3215 345 3267 Q.
368 3215 633 3259 Muralem

906 761 1045 806 oriri.

998 821 1051 863 51
1087 820 1170 867 482}

999 881 1052 923 51
1088 879 1172 926 48}

999 940 1052 982 51
1088 938 1147 982 48

1000 999 1052 1042 51
1089 998 1172 1045 48}

1000 1186 1058 1229 52
1095 1185 1172 1231 19³k

999 1246 1058 1289 52
1094 1245 1147 1288 19
1161 1257 1237 1288 fere

999 1306 1058 1349 52
1094 1305 1148 1349 19
1161 1317 1238 1349 fere

998 1495 1057 1538 52
1087 1496 1172 1543 33}

1000 1555 1058 1598 52
1089 1555 1172 1603 332}

1000 1614 1059 1658 52
1090 1615 1147 1659 33

998 1803 1057 1845 52
1088 1802 1172 1850 48&

1000 1862 1059 1905 52
1089 1862 1148 1906 48
1179 1863 1237 1906 25

1000 1922 1058 1965 52
1089 1922 1148 1965 48

1004 3218 1062 3260 55
1093 3217 1178 3264 37}

1656 454 1769 496 DIE
1794 454 1847 497 19
1868 455 2037 507 MAIJ.

1310 525 1404 567 Per
1425 524 1484 575 Q.
1508 524 1723 567 Tichon.

1310 584 1405 626 Per
1426 583 1485 634 Q.
1510 585 1700 627 Portat.

1657 690 1768 732 DIE
1789 691 1847 733 20
1871 692 2037 743 MAIJ.

1310 761 1404 803 Per
1424 759 1484 812 Q.
1507 760 1723 804 Tichon.
1746 765 1860 804 tam
1882 774 1976 816 per

1311 821 1502 863 Portat.
1526 820 1587 871 Q.

1656 927 1768 968 DIE
1788 927 1840 970 21
1869 928 2036 979 MAIJ.

1310 998 1404 1041 Per
1425 997 1484 1049 Q.
1508 998 1700 1041 Portat.

1643 1111 1756 1153 DIE
1775 1112 1835 1154 22
1856 1112 2052 1164 MA1J¹.

1310 1182 1405 1225 Per
1425 1181 1486 1233 Q.
1510 1182 1724 1225 Tichon.

1311 1242 1405 1284 Per
1426 1241 1486 1293 Q.
1509 1242 1702 1285 Portat.

1654 1349 1767 1391 DIE
1787 1349 1846 1392 29
1869 1349 2039 1402 MAIJ.

1311 1421 1406 1463 Per
1426 1419 1487 1472 Q.
1510 1419 1728 1464 Tichon.

1656 1533 1768 1576 DIE
1789 1534 1841 1577 31
1868 1534 2037 1587 MAIJ.

1311 1605 1406 1647 Per
1427 1604 1487 1656 Q.
1509 1604 1726 1649 Tichon.

1311 1664 1406 1707 Per
1426 1664 1486 1715 Q.
1509 1665 1701 1707 Portat.

1312 1725 1406 1767 Per
1426 1723 1486 1775 Q.
1512 1724 1811 1767 Maximum

1659 1837 1772 1880 DIE
1796 1839 1813 1881 1
1836 1838 2033 1891 JUNIJ.

1312 1909 1407 1952 Per
1427 1908 1487 1960 Q.
1510 1909 1550 1951 T
1551 1909 1727 1952 ichon.

1312 1969 1407 2011 Per
1427 1968 1487 2020 Q.
1511 1969 1703 2011 Portat.

1313 2028 1408 2071 Per
1428 2028 1487 2080 Q.
1513 2028 1813 2072 Maximum

1659 2135 1772 2178 DIE
1792 2136 1819 2179 3
1836 2136 2033 2188 JUNIJ.

1314 2207 1407 2249 Per
1427 2207 1485 2258 Q.
1507 2207 1722 2250 Tichon.

1312 2267 1407 2309 Per
1427 2266 1487 2318 Q.
1510 2267 1701 2311 Portat.

1659 2375 1773 2417 DIE
1792 2375 1820 2417 4
1836 2375 2034 2427 JUNIJ.

1313 2446 1407 2488 Per
1428 2445 1488 2497 Q.
1511 2446 1727 2490 Tichon.

1314 2506 1408 2548 Per
1428 2505 1488 2557 Q.
1512 2506 1703 2548 Portat.

1313 2565 1408 2608 Per
1429 2565 1490 2617 Q.
1515 2566 1657 2608 Max.

1661 2673 1772 2715 DIE
1793 2675 1820 2715 5
1838 2672 2035 2724 JUNIJ.

1314 2744 1410 2787 Per
1430 2743 1489 2795 Q.
1512 2744 1551 2786 T
1553 2743 1729 2788 ichon.

1314 2804 1409 2846 Per
1429 2803 1489 2855 Q.
1514 2805 1705 2847 Portat.

1315 2861 1476 2916 Resp.
1499 2861 1631 2906 altit.
1653 2862 1900 2906 maxima

1653 2970 1765 3013 DIE
1786 2970 1829 3013 6.
1849 2970 2047 3022 JUNIJ.

1315 3042 1410 3085 Per
1430 3041 1491 3093 Q.
1513 3041 1730 3085 Tichon.

1315 3101 1409 3144 Per
1429 3101 1490 3152 Q.
1513 3102 1705 3144 Portat.

1316 3160 1409 3203 Per
1430 3160 1490 3212 Q.
1515 3161 1657 3203 Max.

1315 3218 1475 3273 Resp.
1499 3219 1631 3262 altit.
1654 3218 1899 3263 maxima

2283 318 2375 370 291

2142 529 2199 570 55
2232 528 2290 571 46
2322 531 2379 572 55

2142 589 2199 630 55
2230 587 2288 631 46
2320 590 2377 631 55

2143 825 2199 866 55
2232 825 2289 868 56

2144 1001 2202 1044 56
2263 1002 2315 1049 3}

2146 1185 2203 1227 56
2240 1186 2316 1232 12}

2143 1244 2200 1287 56
2237 1245 2289 1288 13
2307 1257 2382 1289 fere

2143 1422 2201 1465 56
2233 1422 2291 1466 59
2322 1424 2380 1466 50

2146 1609 2202 1650 57
2240 1608 2292 1650 10

2146 1668 2202 1709 57
2239 1667 2292 1710 10

2146 1727 2201 1769 57
2239 1726 2292 1770 10

2145 1912 2202 1954 57
2240 1911 2292 1954 14

2145 1972 2202 2014 57
2239 1971 2292 2013 14

2145 2031 2201 2074 57
2239 2031 2290 2073 15
2322 2030 2381 2074 30

2145 2210 2202 2251 57
2234 2209 2286 2251 21
2323 2209 2381 2252 30

2146 2270 2202 2311 57
2234 2269 2286 2312 21
2328 2269 2380 2311 15

2145 2448 2201 2489 57
2234 2447 2292 2489 24
2322 2447 2380 2490 50

2144 2508 2201 2549 57
2232 2506 2315 2553 24}

2135 2567 2203 2609 ·57
2235 2567 2293 2609 25

2149 2745 2206 2787 57
2237 2744 2295 2787 27
2326 2744 2384 2787 40

2148 2805 2204 2846 57
2236 2804 2318 2850 27}

2146 2863 2208 2905 57
2236 2863 2317 2909 35}

2148 3043 2204 3084 57
2236 3041 2294 3084 30

2146 3102 2203 3143 57
2234 3101 2317 3147 3οὲ

2148 3161 2204 3202 57
2235 3160 2294 3202 30

2147 3219 2207 3261 57
2235 3218 2318 3265 35ὲ

232 3324 244 3349 ¹
266 3327 501 3367 Adseriptum
521 3328 568 3360 est
587 3329 625 3359 in
640 3329 771 3361 codice
785 3331 848 3361 V.:
865 3330 1045 3361 »Fortasse
1065 3330 1148 3361 haee
1169 3331 1378 3362 obseruatio
1398 3331 1493 3363 faeta
1512 3332 1559 3363 est
1577 3332 1636 3363 die
1651 3333 1695 3363 23
1712 3332 1811 3371 Maij.
1828 3333 1925 3363 Nam
1945 3332 1983 3362 in
1998 3331 2141 3363 caeteris
2155 3330 2379 3362 Protocollis

172 3383 251 3406 non
265 3375 376 3415 video
389 3376 489 3408 hanc
504 3376 804 3408 obseruationem
819 3378 998 3418 quadrare
1012 3377 1060 3409 ad
1075 3379 1118 3408 22
1133 3378 1232 3409 diem
1249 3378 1373 3418 Maij«.

2168 3450 2235 3479 37·
