2742 4204
460 323 550 373 106
1469 319 1582 370 1581

516 455 640 497 Fuit
658 456 780 497 tunc
803 454 1057 509 temporis
1075 457 1110 509 ⁹4
1128 454 1182 496 in
1194 453 1255 496 24
1272 459 1305 505 z
1321 464 1490 508 prope
1507 453 1841 507 Eclipticam,
1864 463 2094 506 cumque
2114 453 2278 496 nullae
2296 452 2460 497 stellae
2478 453 2606 498 fixae

459 512 759 566 conspicuae
787 514 890 555 tam
913 523 1083 567 prope
1110 512 1286 564 eBent,
1314 522 1419 555 non
1446 510 1521 554 est
1544 511 1760 554 dubium
1790 510 1916 564 quin
1942 509 2090 552 stella
2116 509 2236 553 haec
2260 509 2411 554 iuxta
2435 513 2471 566 21
2497 511 2606 555 visa

457 570 619 613 fuerit
690 570 852 614 stella.

515 628 581 670 N.
591 570 807 685 Runia
822 627 1124 671 Mercurius
1141 628 1258 669 erat
1267 625 1665 680 praetergressus
1678 626 1854 668 Iocum
1875 627 1911 679 2}
1932 624 2116 667 versus
2129 624 2297 668 ortum
2314 626 2385 669 ad
2403 626 2608 670 diame-

461 686 593 728 trum
614 687 874 738 lunarem,
891 696 997 739 per
1012 684 1429 729 obseruatione-m
1455 693 1581 725 vero
1600 683 1731 725 Mtis
1749 682 1822 734 34,
1838 683 1992 735 patet
2009 683 2151 735 quod
2169 684 2323 726 locus
2343 684 2464 727 eius
2482 695 2604 727 cum

456 743 787 797 Alphonlino
806 744 1015 786 calculo
1034 742 1277 796 apprime
1297 741 1597 793 conueniat,
1619 740 1709 782 vbi
1725 742 1761 793 2l
1779 739 1852 782 est
1869 739 2000 782 2331
2021 745 2055 791 z
2071 773 2081 791 ,
2097 739 2129 797 Q
2149 742 2327 784 autem
2349 740 2403 784 in
2422 742 2527 785 248
2545 748 2579 795 z
2592 775 2605 796 ,

460 802 517 843 vt
527 801 589 844 lit
599 801 822 844 differen
829 801 898 844 tia
910 801 969 843 37
979 801 1315 851 minutorum,
1330 799 1524 852 quibus
1537 797 1570 855 Q
1579 797 1979 852 praetergressus
1996 797 2070 840 est
2082 798 2257 841 locum
2272 801 2308 853 ²}
2322 831 2332 842 .
2345 798 2432 842 Est
2443 800 2603 843 etiam

468 861 503 913 21
522 861 802 912 pau1u1um
824 857 1226 901 meridionalior
1236 857 1396 910 prout
1411 856 1465 898 in
1487 857 1623 898 coelo
1643 854 1894 908 apparuit
1907 854 2009 912 (ast
2022 855 2343 900 Prutenious
2362 858 2607 901 calculus

457 917 606 960 iuxta
621 916 936 959 Maefflinum
949 916 1104 969 ponit
1125 915 1157 972 Q
1186 916 1307 957 tuno
1321 913 1455 956 2058
1474 918 1508 964 z
1523 946 1533 965 ‚
1547 916 1583 967 ⁹4
1605 923 1731 955 vero
1743 913 1881 955 23.57
1897 918 1955 966 z,
1969 914 2027 955 vt
2041 913 2104 956 Iit
2119 913 2151 971 Q
2173 914 2339 957 tribus
2351 915 2608 968 gradibus

447 974 585 1029 Joue
605 974 850 1026 anterior,
872 985 992 1016 cum
1023 975 1200 1016 tamen
1220 972 1274 1014 in
1295 971 1406 1025 ipso
1430 972 1567 1013 ooelo
1591 970 1753 1013 suerii
1773 970 1976 1013 IemiRe
1999 972 2054 1013 et
2065 973 2195 1025 plus
2215 971 2475 1026 posterior
2490 984 2608 1016 ver-

455 1032 545 1075 sus
560 1034 744 1075 ortum.
761 1033 838 1074 Pa
846 1034 919 1074 tet
932 1032 1110 1084 itaque
1123 1029 1266 1083 Alph
1274 1028 1507 1071 onlinam
1522 1029 1783 1071 rationem
1798 1029 1854 1071 in
1877 1028 1910 1086 Q
1931 1029 2021 1072 hio
2036 1030 2298 1083 quadrare
2316 1031 2373 1073 et
2384 1042 2490 1075 non
2509 1031 2608 1075 Co-

452 1090 787 1144 pernianam.

1239 1169 1350 1210 DIE
1373 1168 1425 1210 19
1444 1168 1822 1210 DECEMBRIS.

515 1252 724 1306 Vesperi
751 1252 813 1294 H.
830 1254 856 1294 5
878 1252 946 1293 M.
962 1251 989 1292 Ο
1013 1262 1106 1303 per
1130 1250 1301 1292 minus
1326 1249 1655 1303 horologium
1679 1250 1715 1304 Ω
1739 1249 1960 1292 distabat
1983 1261 2078 1303 per
2102 1251 2318 1294 Radium
2340 1263 2372 1294 a
2395 1253 2431 1306 ⁹4
2454 1254 2538 1295 vel
2563 1251 2595 1310 Q

455 1310 640 1353 201401.
658 1310 943 1353 Occidebat
962 1309 1121 1350 etiam
1141 1308 1330 1350 eodem
1345 1310 1583 1361 tempore
1602 1309 1638 1361 ⁷4
1657 1318 1760 1361 quo
1781 1308 2083 1351 obseruatus
2103 1309 2189 1360 est,
2203 1309 2290 1363 qui
2308 1309 2427 1353 satis
2446 1311 2609 1354 videri

455 1380 561 1411 non
580 1368 746 1422 potuit
764 1370 975 1421 propter
993 1366 1311 1408 vicinitatem
1331 1371 1396 1415 ρ).

515 1436 627 1480 Sed
650 1447 755 1479 non
781 1435 908 1478 satis
933 1436 1113 1478 certus
1137 1434 1247 1476 [um
1278 1436 1448 1477 Vtrum
1477 1433 1639 1477 suerii*
1656 1436 1692 1489 21
1715 1435 1804 1477 vel
1825 1434 1885 1492 Q,
1901 1446 2025 1478 nam
2053 1437 2255 1479 nullam
2284 1436 2445 1480 aliam
2469 1448 2608 1491 prae-

459 1496 602 1537 terea
628 1494 828 1537 stellam
859 1494 971 1535 vidi
989 1503 1147 1546 quam
1176 1493 1332 1545 hane,
1356 1503 1477 1546 quae
1503 1492 1569 1535 ob
1597 1492 1925 1536 vicinitatem
1955 1493 2103 1537 Solis
2128 1495 2415 1538 admodum
2444 1495 2605 1538 etiam

456 1555 572 1595 erat
588 1553 800 1606 exigua.
823 1550 995 1594 Posito
1012 1552 1132 1594 loco
1153 1552 1188 1606 ῼ
1209 1550 1360 1593 iuxta
1375 1549 1628 1604 pundtum
1651 1550 1706 1592 in
1731 1551 1860 1593 15.35
1878 1561 1949 1603 xx,
1966 1551 2113 1595 cadit
2128 1563 2202 1594 ex
2220 1552 2462 1596 distantia
2482 1554 2607 1597 data

454 1612 609 1653 Iocus
630 1610 938 1653 obseruatus
958 1609 1105 1663 quali
1122 1609 1176 1650 in
1195 1609 1254 1650 25
1272 1610 1330 1651 et
1344 1608 1373 1651 0
1394 1614 1452 1661 z,
1470 1609 1613 1662 quod
1637 1608 1712 1651 est
1730 1609 1860 1662 p1us
1882 1620 1987 1653 vno
2008 1611 2176 1663 gradu
2199 1611 2333 1653 vltra
2355 1613 2392 1664 2ι
2411 1612 2605 1655 locum.
2677 1658 2687 1666 ,

454 1669 609 1711 quta
627 1667 1011 1721 Alphonsinam
1032 1667 1293 1710 rationem
1316 1666 1445 1710 el3et
1460 1668 1615 1710 locus
1639 1668 1674 1722 ς)
1698 1667 1752 1709 in
1775 1667 1920 1710 1620.
1949 1667 2100 1711 Vnde
2119 1669 2274 1712 Iocus
2299 1668 2608 1712 obseruatus

454 1726 601 1768 cadit
616 1726 669 1768 in
687 1726 822 1768 2545
844 1731 877 1777 z
893 1758 903 1776 ‚
922 1725 1196 1779 vtrobique
1215 1725 1398 1778 itaque
1417 1724 1493 1768 est
1511 1725 1731 1768 vlterior
1744 1726 1864 1768 1000
1887 1728 1924 1781 21
1950 1727 2054 1769 tam
2081 1725 2364 1780 Copernioi
2381 1728 2606 1780 calculo,

453 1785 614 1837 idque
635 1783 780 1837 quali
797 1785 818 1828 ὲ
837 1784 1021 1837 gradu,
1043 1794 1202 1836 quam
1223 1782 1498 1837 AIphonIi,
1520 1783 1683 1837 idque
1703 1783 1851 1838 quali
1871 1784 1918 1830 12}
1936 1785 2121 1838 gradu,
2142 1795 2244 1828 nec
2264 1786 2487 1828 multum
2510 1784 2610 1828 dif-

454 1842 557 1884 fert
573 1842 640 1885 ab
660 1841 1004 1895 assignatione
1024 1840 1056 1899 Q
1075 1840 1422 1895 Alphonlina‚
1439 1841 1532 1895 qui
1549 1841 1624 1884 est
1639 1842 1694 1884 in
1714 1842 1772 1884 26
1791 1847 1824 1894 z
1840 1875 1850 1895 ‚
1869 1843 1925 1884 vt
1942 1842 2009 1886 ob
2028 1842 2084 1885 id
2102 1843 2341 1886 incertus
2357 1842 2447 1886 Iim
2465 1854 2610 1897 quae-

453 1911 576 1942 nam
598 1899 759 1942 fuerit
775 1900 893 1943 haeo
913 1899 1076 1953 stella,
1099 1899 1197 1942 nisi
1212 1899 1499 1953 sequentes
1525 1899 1924 1944 obseruationes
1946 1900 2377 1944 certificaverint.
2401 1900 2613 1945 Occidit

454 1959 631 2000 autem
649 1957 769 2001 haec'
783 1957 931 2000 stella
949 1957 1362 2001 visualiterhora
1375 1959 1404 2000 5
1422 1958 1484 2000 M
1486 1959 1536 2001 to
1554 1959 1591 2011 1,
1608 1959 1823 2012 quando
1841 1958 1999 2002 nobis
2014 1958 2105 2002 sim
2113 1960 2167 2002 ul
2180 1959 2463 2002 occidebat
2476 1959 2611 2002 2630

464 2021 497 2067 z
511 2048 523 2068 ‚
539 2016 579 2058 Ii
595 2016 927 2070 horologium
949 2015 1088 2059 rec‘ie
1107 2015 1162 2058 I'e
1179 2016 1357 2068 habet,
1373 2016 1516 2070 quod
1536 2027 1609 2058 ex
1627 2016 1851 2059 crastina
1873 2016 2207 2060 reuolutione
2229 2017 2412 2060 videre
2425 2017 2607 2071 liquet.

460 2074 610 2116 Vnde
638 2075 816 2117 adhuc
845 2084 1080 2127 auguror
1100 2073 1249 2117 fuiRe
1275 2074 1307 2132 Q
1332 2085 1439 2117 non
1461 2077 1522 2129 2l,
1547 2073 1991 2128 correspondente
2023 2074 2280 2129 exquisite
2307 2076 2428 2119 loco
2457 2075 2488 2133 Q
2513 2075 2610 2118 ΑΙ-

447 2132 708 2186 phonlino
728 2143 847 2175 oum
871 2132 974 2175 hoc
994 2131 1105 2186 ipso
1123 2133 1244 2176 Ioco
1261 2132 1353 2186 qui
1372 2132 1619 2176 occidere
1642 2132 1785 2175 visus
1806 2132 1893 2182 est,
1907 2132 2000 2176 sed
2019 2132 2396 2176 deficientibus
2415 2133 2469 2176 in
2488 2134 2609 2178 loco

462 2192 498 2244 ²2
517 2190 547 2232 2
566 2190 712 2244 quasi
728 2190 999 2244 gradibus,
1024 2191 1165 2234 vnde
1187 2190 1526 2234 verisimilius
1546 2190 1622 2233 est
1637 2189 1787 2234 fuiBe
1810 2190 1843 2249 Q
1866 2202 2025 2245 quam
2047 2192 2246 2234 Iouem.

509 2262 747 2303 Proxime
774 2261 1000 2315 sequenti
1026 2261 1241 2305 meridie
1266 2262 1439 2304 minus
1464 2261 1794 2316 horologium
1821 2262 2041 2304 celerius
2065 2262 2174 2304 ibat
2192 2261 2272 2307 26}
2293 2262 2415 2305 Min.
2439 2262 2609 2305 Maius

453 2319 617 2362 stabat
636 2319 929 2373 immotum.

1239 2402 1351 2443 DIE
1368 2401 1425 2444 23
1445 2402 1824 2444 DECEMBRIS.

511 2483 604 2524 Per
632 2483 849 2525 Radium
879 2486 930 2526 et
959 2483 1251 2527 maximum
1282 2483 1496 2527 horolo-
1567 2483 1628 2526 6H
1637 2485 1729 2526 55Μ
1748 2482 1786 2542 ἢ
1803 2483 2024 2526 distabat
2043 2495 2075 2526 a
2096 2483 2288 2527 sinistro

454 2540 608 2594 gium.
2125 2542 2346 2585 humero
2366 2550 2423 2589 m
2452 2541 2525 2584 13ο
2563 2540 2607 2584 3¹

453 2598 614 2640 4³44M
625 2599 895 2642 Distabant
912 2597 948 2659 b
967 2603 1016 2643 et
1037 2601 1072 2655 Ω
1363 2602 1412 2642 5⁰
1450 2599 1494 2642 8¹
1567 2602 1594 2643 7
1659 2600 1687 2643 3
2453 2599 2504 2642 13
2563 2598 2592 2641 4

453 2656 481 2697 4
523 2657 580 2698 52
1153 2658 1340 2701 melior
1364 2660 1391 2701 5
1451 2658 1479 2701 6
1707 2658 1832 2709 fere,
1845 2658 2096 2701 humerus
2109 2667 2166 2705 m
2179 2669 2285 2701 non
2298 2657 2464 2712 potuit
2477 2657 2609 2700 bene

455 2714 483 2756 6
524 2714 580 2757 27
605 2715 640 2769 Ω
662 2715 881 2758 distabat
902 2728 933 2758 a
953 2716 1145 2760 sinistro
1707 2716 1871 2760 videri
1895 2720 2109 2771 propter
2132 2716 2418 2759 horizontis
2437 2715 2610 2758 vicini-

1011 2775 1232 2818 humero
1252 2784 1309 2822 ,wc
1338 2775 1392 2817 10
1421 2775 1478 2817 48
1706 2777 1886 2818 tatem.

454 2830 482 2872 6
523 2830 580 2872 33
1338 2832 1391 2875 10
1421 2833 1479 2876 46
1567 2834 1594 2875 7
1630 2833 1677 2875 ll
1706 2831 1742 2891 b
1760 2833 1982 2876 distabat
2001 2845 2032 2876 a
2053 2833 2237 2876 dextro

454 2888 482 2930 6
523 2888 580 2931 46
602 2889 637 2943 Ω
657 2889 876 2932 distabat
897 2902 928 2932 a
948 2891 1131 2934 dextro
2129 2891 2351 2934 humero
2366 2899 2423 2937 m
2453 2889 2505 2932 12
2564 2889 2592 2932 8

1018 2949 1238 2992 humero
1259 2958 1315 2996 m
1339 2949 1390 2992 13
1421 2950 1478 2991 54
1627 2949 1726 2992 Hae
1752 2960 1936 2993 omnes
1965 2949 2353 2992 obseruationes
2383 2948 2494 2992 sunt
2518 2947 2610 2990 rei-

1565 3011 1751 3051 teratae
1770 3011 1821 3051 et
1840 3008 2009 3051 bonae.

513 3121 646 3173 Quia
660 3122 897 3176 proxime
913 3122 1139 3176 sequenti
1153 3124 1368 3166 meridie
1386 3124 1678 3167 maximum
1692 3124 2021 3179 horologium
2035 3123 2215 3174 stabat,
2233 3121 2609 3166 conferendum

454 3180 526 3222 est
539 3184 832 3234 Vtrumque,
849 3181 1140 3223 maximum
1154 3182 1344 3225 scilicet
1363 3186 1413 3225 et
1432 3182 1679 3226 medium.
1698 3183 1844 3226 Hora
1858 3182 1886 3224 6
1901 3182 2157 3225 matutina
2170 3181 2266 3236 diej
2284 3181 2343 3223 24
2357 3179 2605 3223 Decemb.

455 3238 749 3281 Maximum
769 3238 982 3292 praecise
1003 3239 1205 3281 Horam
1224 3239 1267 3291 6,
1290 3240 1522 3283 Medium
1542 3252 1669 3284 vero
1688 3241 1716 3283 6
1735 3241 1924 3283 horam
1950 3243 2001 3283 et
2019 3240 2048 3282 4
2068 3239 2247 3282 Minut.
2270 3239 2607 3289 monstrabat,

454 3299 504 3339 et
525 3297 757 3340 Medium
776 3297 974 3340 tardius
993 3296 1101 3340 ibat
1123 3297 1176 3340 16
1197 3298 1265 3340 M.
1283 3298 1499 3341 Meridie
1519 3298 1615 3354 diej
1636 3299 1707 3341 24.
