2690 4178
405 376 462 427 16

741 513 1439 574 ASTRONOMICAE
1466 511 2218 572 OBSERUATIONES

475 608 795 668 FACTAE
820 609 882 666 A
910 607 1045 666 ME
1072 604 1536 665 AUGUSTAE
1560 605 1723 663 VIN
1731 603 2284 663 DELICORUM
2319 605 2488 664 1569.

1244 714 1491 756 APRILIS
1511 714 1621 755 DIE
1645 713 1711 755 14.

466 787 611 830 Hora
630 787 657 828 9
677 798 724 840 p.
746 799 814 828 m.
836 786 1121 828 Videbatur
1141 786 1175 839 Q
1197 785 1247 826 in
1267 784 1401 826 linea
1420 782 1561 825 recta
1582 794 1700 836 quae
1721 782 1927 825 ducitur
1943 782 2077 825 inter
2094 786 2373 837 Vtrumque
2393 795 2556 827 cornu

407 844 462 900 *5
476 845 640 887 stellas
660 844 898 886 videlicet
916 843 967 885 in
985 843 1081 884 illis
1101 846 1377 892 extremas,
1393 842 1478 883 sed
1496 853 1685 895 parum
1705 843 1817 882 erat
1830 840 2020 894 egressa
2032 840 2224 883 lineam
2237 840 2434 884 retstam
2447 854 2558 885 ver-

406 904 486 945 sus
507 906 693 944 ortum.
717 902 945 943 Distabat
971 904 1145 942 autem
1166 912 1197 942 a
1218 898 1677 953 septentrionaliori
1697 909 1860 941 cornu
1881 899 2021 952 quod
2041 898 2110 942 est
2130 910 2411 942 commune
2434 911 2557 942 cum

405 960 537 1014 pede
557 959 869 1013 Erichthonij
891 959 947 1000 2³
964 960 1019 1000 55
1030 958 1074 1000 ¹¹².
2359 965 2363 968 ·

464 1019 537 1059 Ex
555 1018 633 1059 his
654 1018 833 1071 collegi
853 1018 1029 1059 locum
1047 1017 1082 1070 ῼ
1099 1015 1152 1057 in
1170 1015 1250 1057 17³
1268 1018 1318 1057 et
1336 1015 1392 1056 25
1412 1014 1617 1057 circiter
1634 1014 1955 1056 minutorum
1967 1014 2016 1070 ][
2028 1025 2150 1057 cum
2169 1014 2437 1058 latitudine
2456 1015 2559 1069 sep—

405 1075 697 1118 tentrionali
710 1075 766 1116 2³
778 1078 828 1116 et
847 1076 873 1116 5
888 1074 1092 1116 circiter
1110 1073 1450 1123 minutorum;
1466 1072 1609 1114 iuxta
1629 1072 1890 1114 calculum
1903 1072 2275 1126 Alphonsinum
2297 1074 2332 1128 ῼ
2350 1084 2414 1116 eo
2432 1076 2559 1115 tem-

406 1145 534 1187 pore
557 1133 636 1174 l7³
654 1133 726 1174 49⁴
742 1133 789 1187 ][
804 1132 860 1173 2³
878 1133 920 1173 7⁴
942 1132 1055 1185 Sep.
1079 1131 1329 1173 Conuenit
1354 1134 1530 1173 autem
1556 1130 1930 1173 obseruatione.
1953 1130 2103 1172 quta
2122 1130 2359 1173 Stadium
2382 1131 2435 1173 in
2460 1131 2558 1174 suis

407 1191 829 1244 Ephemeridibus
848 1193 960 1232 erat
978 1190 1029 1231 in
1053 1189 1132 1231 16³
1149 1189 1222 1230 50⁴
1238 1189 1286 1243 Π
1302 1200 1423 1231 cum
1443 1188 1643 1230 latitud.
1664 1188 1720 1229 2³
1737 1188 1810 1230 37⁴
1831 1188 1967 1241 Sept.
1989 1189 2110 1230 Erat
2133 1188 2308 1242 itaque
2331 1189 2384 1231 in
2406 1189 2560 1243 longi-

405 1249 581 1291 tudine
600 1260 703 1291 vno
724 1248 885 1302 gradu
906 1250 1039 1298 ante,
1061 1250 1111 1289 et
1129 1247 1181 1288 in
1200 1246 1467 1288 latitudine
1486 1247 1509 1292 2}
1528 1247 1690 1300 gradu
1710 1245 1876 1288 nimis.

448 1330 450 1332 >
474 1305 510 1363 b
528 1309 703 1348 autem
723 1306 908 1348 eodem
927 1308 1163 1358 tempore
1182 1305 1335 1346 valde
1354 1315 1516 1358 prope
1537 1307 1648 1346 erat
1669 1303 1821 1346 stellae
1840 1303 1893 1345 in
1912 1304 1996 1346 ala
2015 1303 2234 1358 Virginis
2254 1304 2444 1347 sinistra
2461 1307 2559 1347 ter-

404 1364 507 1414 tiae,
530 1364 675 1406 cuius
700 1365 845 1406 locus
871 1363 940 1405 est
964 1363 1017 1404 in
1034 1362 1091 1404 4³
1113 1362 1180 1404 17⁴
1202 1364 1257 1416 Q
1277 1373 1398 1405 cum
1418 1363 1504 1404 lat.
1526 1362 1582 1403 2³
1600 1362 1657 1404 50
1676 1361 1894 1413 boreali,
1922 1362 2008 1404 sed
2033 1365 2146 1404 erat
2170 1362 2559 1405 meridionalior

403 1422 510 1475 ipsa
531 1422 666 1464 stella
694 1421 761 1463 ad
787 1421 1126 1474 quantitatem
1151 1420 1300 1462 vnius
1325 1421 1517 1474 palmae
1538 1421 1722 1462 decem
1748 1419 1954 1462 circiter
1971 1422 2027 1462 vt
2051 1423 2176 1473 puto
2202 1419 2426 1463 minutis.
2450 1420 2558 1463 Nec

405 1479 575 1522 adhuc
596 1480 641 1533 0‘
661 1482 771 1521 erat
790 1479 842 1520 in
860 1478 1174 1532 longitudine
1195 1478 1315 1531 quia
1335 1478 1468 1520 linea
1489 1477 1643 1520 duc’ta
1664 1490 1695 1520 a
1714 1479 1836 1531 polo
1858 1477 2069 1521 Zodiaci
2087 1490 2181 1532 per
2199 1478 2395 1521 stellam
2415 1479 2560 1520 relin-

405 1538 596 1590 quebat
614 1536 650 1594 'b
667 1549 854 1590 parum
875 1538 942 1578 ad
962 1540 1150 1588 ortum,
1173 1537 1258 1579 sed
1278 1536 1421 1578 iuxta
1445 1537 1635 1579 horam
1655 1535 1683 1578 9
1701 1536 1977 1578 videbatur
2002 1535 2129 1578 mihi
2153 1536 2367 1590 praecise
2393 1536 2489 1579 esse
2507 1536 2560 1578 in

403 1607 506 1637 vno
527 1595 722 1637 circulo
742 1594 974 1637 verticali
994 1606 1115 1636 cum
1135 1593 1383 1647 praedicsta
1398 1594 1551 1646 stella,
1568 1597 1617 1636 et
1635 1597 1841 1647 poterat
1859 1594 1972 1636 fieri
1985 1595 2030 1648 0‘
2043 1594 2125 1636 die
2143 1594 2195 1636 15
2210 1597 2300 1636 aut
2317 1595 2384 1636 ad
2400 1594 2562 1636 maxi-

405 1665 551 1695 mum
571 1653 653 1695 die
677 1653 728 1694 16
747 1653 1047 1706 retrograde
1073 1653 1258 1694 eundo.
1281 1652 1452 1694 Stellae
1472 1652 1742 1694 verificata
1767 1653 1900 1706 long.
1921 1652 1978 1693 4³
1995 1651 2039 1693 8⁴
2060 1653 2146 1694 lat.
2169 1651 2273 1694 2.50
2308 1652 2455 1695 Potes
2475 1652 2561 1694 ali-

406 1722 508 1763 quo
529 1711 688 1753 modo
703 1711 775 1752 vti
793 1710 894 1752 hoc
915 1712 1033 1752 loco
1046 1709 1082 1767 1³)
1094 1721 1189 1764 pro
1203 1710 1518 1764 Acronycha
1538 1710 1946 1753 consideratione
1960 1713 2099 1753 retro
2114 1711 2439 1753 numerando
2453 1721 2562 1753 mo-

403 1772 515 1810 tum
536 1768 644 1811 eius
664 1769 732 1810 ad
751 1768 982 1810 medium
1004 1768 1190 1822 Martij.

1248 1838 1358 1879 DIE
1377 1838 1434 1880 23
1453 1837 1715 1880 APRILIS.

462 1908 582 1949 Erat
600 1905 636 1964 b
655 1907 1035 1961 praetergressus
1061 1907 1256 1949 stellam
1281 1907 1423 1949 illam
1448 1907 1675 1960 primam
1700 1907 1752 1949 in
1778 1908 1862 1949 ala
1881 1907 2099 1961 Virginis
2126 1908 2193 1950 ad
2220 1907 2561 1960 quantitatem

405 1965 610 2007 circiter
618 1965 982 2007 semidiametri
999 1970 1027 2015 (ζ
1045 1997 1055 2015 ,
1066 1965 1151 2007 sed
1161 1976 1267 2007 non
1277 1965 1506 2008 habebat
1517 1965 1739 2008 eandem
1750 1965 2088 2017 latitudinem,
2097 1977 2281 2008 verum
2293 1969 2405 2008 erat
2414 1965 2563 2008 meri-

405 2022 661 2065 dionalior
678 2022 783 2076 ipsa
805 2022 942 2065 stella
966 2022 1018 2064 10
1038 2022 1243 2065 circiter
1262 2023 1331 2065 M.

464 2080 610 2123 Hora
624 2082 650 2122 7
669 2081 737 2122 M.
753 2080 811 2122 40
830 2080 1118 2134 vespertina
1138 2080 1355 2123 distabat
1375 2081 1411 2135 φ
1433 2093 1465 2123 a
1481 2086 1509 2131 (ζ
1524 2080 1610 2122 41³
1627 2080 1723 2122 45¹²
1741 2081 1918 2123 versus
1938 2081 2198 2124 occasum.
2218 2086 2245 2132 (ζ
2263 2084 2439 2124 autem
2459 2092 2564 2124 non

404 2141 526 2180 tunc
547 2138 776 2180 habebat
796 2150 1042 2192 magnam
1062 2139 1366 2192 parallaxin.

1313 2231 1423 2274 DIE
1443 2233 1470 2273 5
1492 2231 1657 2282 MAIJ.

465 2300 610 2343 Hora
629 2300 686 2345 8³}
704 2300 814 2354 post
833 2300 1104 2342 meridiem
1123 2300 1352 2343 faciebat
1370 2302 1406 2356 Ω
1422 2301 1735 2355 triangulum
1755 2301 1994 2344 isosceles
2013 2313 2136 2344 cum
2155 2305 2376 2355 vtroque
2396 2301 2565 2355 capite

409 2359 476 2413 Π,
499 2358 716 2400 distabat
742 2361 918 2400 autem
945 2358 1010 2401 ab
1031 2361 1252 2412 vtroque
1278 2370 1462 2401 eorum
1481 2359 1658 2401 versus
1684 2360 1930 2402 occasum
1955 2359 1982 2402 8
2006 2360 2250 2414 gradibus
2274 2360 2331 2403 35
2356 2359 2565 2402 minutis

407 2418 489 2458 vel
508 2417 664 2470 paulo
684 2416 869 2459 minus.
892 2416 1050 2470 Long.
1066 2418 1101 2471 ῼ
1118 2417 1262 2459 iuxta
1285 2417 1337 2459 18
1351 2422 1406 2468 Θ
1426 2419 1511 2459 lat.
1533 2417 1589 2459 2³
1608 2417 1651 2459 8⁴
1672 2418 1808 2471 Sept.

468 2474 614 2516 Hora
638 2474 689 2515 10
709 2474 980 2516 obseruaui
1000 2475 1295 2517 accuratius
1316 2475 1606 2518 distantiam
1625 2477 1660 2530 ῼ
1680 2476 1745 2518 ab
1766 2476 1943 2531 ijsdem
1964 2476 2112 2519 stellis
2132 2479 2183 2519 et
2207 2476 2379 2519 inueni
2398 2487 2518 2518 eam
2537 2475 2564 2518 8

408 2544 479 2585 gr.
493 2532 549 2574 30
559 2532 893 2583 minutorum,
907 2532 1141 2575 distantia
1154 2544 1280 2576 vero
1293 2531 1330 2591 ἦ
1343 2546 1374 2575 a
1388 2532 1677 2587 supradicta
1691 2534 1829 2577 stella
1842 2534 1894 2576 in
1909 2535 1993 2576 ala
2005 2533 2070 2591 m)
2083 2546 2202 2589 quae
2216 2534 2285 2577 est
2294 2534 2347 2576 in
2356 2534 2412 2576 4³
2426 2533 2564 2590 17411)

409 2590 465 2632 50
484 2590 803 2633 minutorum
822 2591 904 2633 vel
924 2592 1081 2644 paulo
1100 2592 1228 2644 plus.

470 2649 619 2690 Nota.
635 2648 776 2702 quit
795 2648 937 2690 iuxta
958 2649 1247 2691 maximam
1269 2661 1300 2691 a
1320 2649 1439 2692 Sole
1459 2650 1831 2703 digressionem.

1302 2742 1412 2784 DIE
1437 2742 1487 2784 17
1509 2742 1673 2793 MAIJ.

470 2810 616 2852 Hora
635 2809 686 2856 9}
704 2811 751 2852 P.
775 2811 843 2853 M.
867 2813 979 2853 erat
999 2812 1034 2865 ῼ
1055 2810 1245 2865 egressa
1264 2811 1455 2854 lineam
1480 2810 1679 2854 rectam
1700 2824 1818 2865 quae
1839 2812 2044 2855 ducitur
2063 2824 2095 2855 a
2121 2812 2374 2866 capitibus
2391 2813 2439 2868 ][
2457 2823 2568 2855 ver-

411 2869 491 2910 sus
517 2872 705 2935 ortum,
727 2869 1004 2969 Pffssietate
1030 2869 1269 2911 diametri
1293 2874 1321 2919 (ζ
1347 2867 1565 2921 circiter,
1593 2870 1811 2913 distabat
1837 2874 2013 2913 autem
2041 2870 2107 2913 ab
2133 2870 2363 2913 inferiori
2390 2870 2567 2913 versus

411 2926 760 3041 ωῗιὲιιιῗξῐὶηδε
781 2959 931 3039 supra
952 2984 1220 3027 nominata
1240 2985 1379 3028 stella
1401 2984 1465 3042 m)
1487 2985 1705 3029 distabat
1723 2987 1899 3029 versus
1920 2986 2164 3030 occasum
2188 2986 2205 3028 1
2230 2998 2300 3040 gr.
2322 2986 2446 3029 fere.

1234 3078 1344 3119 DIE
1368 3077 1420 3120 19
1438 3078 1746 3121 AUGUSTI.

470 3146 616 3189 Hora
629 3147 656 3189 3
670 3146 779 3201 post
792 3147 1021 3189 mediam
1036 3146 1242 3190 noctem
1262 3147 1367 3189 vidi
1384 3149 1451 3202 ἅ,
1467 3150 1518 3190 et
1537 3151 1649 3190 erat
1661 3148 1713 3190 in
1726 3149 1861 3191 linea
1877 3147 2018 3191 recta
2033 3160 2151 3202 quae
2166 3148 2372 3191 ducitur
2386 3161 2417 3190 a
2432 3148 2569 3191 stella

410 3204 437 3246 3
451 3217 585 3259 mag.
602 3205 654 3246 in
674 3205 863 3248 sinistro
881 3206 1043 3247 latere
1062 3205 1353 3259 posterioris
1368 3206 1555 3259 gemini
1575 3209 1625 3248 et
1645 3206 1782 3249 stella
1796 3207 1847 3249 in
1867 3207 2021 3249 axilla
2037 3206 2227 3249 sinistra
2247 3206 2472 3249 eiusdem
2492 3217 2571 3260 ge-

411 3263 556 3313 mini;
571 3263 788 3306 distabat
803 3266 978 3306 autem
994 3276 1025 3305 a
1039 3263 1198 3317 priori
1211 3264 1386 3306 versus
1401 3267 1573 3306 ortum
1586 3265 1792 3307 circiter
1804 3265 1994 3319 aequali
2008 3265 2180 3318 spacio
2195 3275 2317 3307 cum
2331 3264 2417 3307 illo
2430 3264 2571 3318 quod

410 3321 479 3363 est
497 3321 630 3363 inter
649 3322 779 3364 duas
800 3321 1019 3364 stellulas
1037 3322 1089 3363 in
1110 3322 1354 3364 anteriori
1373 3323 1505 3375 pede
1525 3323 1709 3365 dextro
1723 3323 1866 3366 Vrsae
1886 3323 2114 3373 maioris,
2130 3326 2242 3366 erat
2262 3325 2438 3365 autem
2459 3334 2572 3376 par-

408 3391 493 3422 uae
515 3379 879 3433 magnitudinis
898 3382 1076 3433 vtpote
1095 3380 1250 3422 valde
1270 3383 1502 3423 remotus
1523 3392 1553 3422 a
1572 3384 1727 3423 terra.
