2690 4178
382 313 437 364 X
919 311 1575 363 PROLEGOMENA
1601 308 1996 361 EDITORIS

382 451 541 492 clarae
563 450 790 502 speculae
809 447 1117 499 Parisiensis,
1145 451 1196 490 et
1220 447 1306 501 qui
1332 459 1515 491 omnes
1540 446 1692 500 hujus
1714 445 1873 488 libros
1898 456 2060 487 manu
2084 443 2305 498 scriptos
2329 444 2381 487 in
2405 445 2530 488 indi-

382 531 499 562 cem
518 519 777 567 retulerat,
806 518 1021 560 dubium
1040 517 1136 559 sibi
1155 528 1260 559 non
1279 528 1407 568 esse,
1436 516 1558 570 quin
1576 527 1683 559 non
1701 515 1753 557 in
1771 515 1858 556 illa
1875 514 2020 564 urbe,
2048 524 2216 567 neque
2240 514 2293 556 in
2317 515 2528 568 specula

380 599 547 641 neque
566 588 618 629 in
637 587 921 629 Academia
941 587 1297 637 scientiarum,
1320 585 1599 628 Bartholini
1618 585 1918 638 exemplum
1937 586 2087 626 esset.

451 658 509 699 In
528 657 696 699 Dania
715 668 819 698 uno
839 657 1025 698 saltem
1045 655 1296 698 librorum
1308 655 1730 709 Tychonicorum
1748 665 1873 695 usus
1893 655 1971 695 est
1984 652 2012 703 J
2017 651 2273 696 ACOBUS
2288 653 2530 696 LANGE-

380 727 505 769 BEK
536 725 826 776 historicus,
860 726 947 778 qui
976 725 1028 767 in
1059 725 1461 775 commentariis,
1496 736 1626 777 quos
1652 736 1697 766 a.
1730 722 1840 765 1746
1867 723 1931 764 de
1955 721 2216 775 Tychonis
2240 722 2348 765 vita
2373 723 2531 765 edidit

379 795 623 851 (Danske
644 794 897 848 Magazin
918 794 982 850 11)
1005 795 1196 848 saepius
1222 794 1539 836 mentionem
1564 793 1689 835 facit
1712 793 1828 835 libri
1845 792 1898 834 in
1917 791 1970 833 8ο
1991 792 2418 835 observationum
2445 805 2530 835 an-

379 877 568 908 norum
592 864 855 906 1563--74,1
882 865 957 906 Ac
982 864 1187 918 triginta
1213 864 1359 906 annis
1383 866 1502 917 post
1521 863 1572 904 C.
1596 862 1659 905 H.
1684 862 1908 913 HVASS,
1934 860 2124 903 theatri
2148 861 2334 904 Danici
2353 864 2530 905 custos

380 939 535 988 atque
555 937 798 987 quaestor,
818 933 1077 986 Tychonis
1097 944 1258 987 opera
1278 933 1455 976 omnia
1473 944 1591 975 sese
1605 932 1864 974 editurum
1878 942 1991 974 esse
2004 931 2371 985 pronuntiavit.
2395 931 2529 974 Huic

378 1004 571 1057 petenti
590 1016 658 1045 m.
682 1003 823 1045 Febr.
848 1015 894 1045 a.
920 1002 1030 1044 1778
1050 1013 1360 1045 concessum
1380 1005 1472 1053 est,
1498 1005 1556 1044 ut
1581 1002 2008 1044 observationum
2032 1000 2193 1043 libros
2219 1004 2429 1043 mutuos
2451 1012 2531 1043 su-

379 1076 563 1123 meret;
591 1073 683 1115 sed
709 1072 896 1114 eodem
921 1073 1003 1114 vel
1029 1072 1262 1125 sequenti
1288 1083 1425 1115 anno
1451 1071 1635 1114 redditi
1659 1074 1792 1122 sunt,
1819 1082 1916 1113 nec
1944 1070 2226 1124 quicquam
2253 1070 2319 1112 ab
2345 1070 2432 1112 illo
2453 1073 2531 1113 est

378 1143 712 1196 profectum.²
739 1141 846 1183 Nec
873 1141 1192 1183 mentionem
1218 1141 1521 1184 fecissemus
1547 1140 1698 1195 hujus
1718 1140 1807 1191 rei,
1834 1140 1878 1182 si
1896 1139 2021 1182 nihil
2041 1139 2180 1182 aliud
2198 1139 2318 1182 inde
2337 1139 2531 1182 evenis-

377 1215 469 1254 set.
499 1213 564 1253 At
590 1223 635 1253 a.
665 1210 775 1253 1784
801 1210 1078 1253 THOMAS
1108 1210 1344 1262 BUGGE,
1375 1211 1602 1264 speculae
1629 1209 1914 1252 Hauniensi
1941 1209 2236 1263 praefectus,
2265 1209 2318 1251 in
2345 1208 2530 1263 praefa-

376 1282 515 1324 tione
540 1280 669 1331 libri,
702 1280 788 1333 qui
811 1280 1105 1322 inscribitur
1132 1278 1555 1323 Observationes
1578 1278 1974 1322 Astronomicae
1999 1278 2159 1321 annis
2187 1277 2313 1330 1781,
2344 1277 2458 1320 1782
2482 1277 2531 1321 ἂν

381 1350 493 1392 1783
515 1349 786 1401 Institutas,
815 1349 946 1392 inter
973 1350 1074 1391 alia
1098 1349 1323 1392 indicem
1348 1350 1548 1403 praebet
1572 1349 1824 1392 librorum
1842 1349 2263 1403 Tychonicorum
2282 1348 2335 1390 in
2354 1347 2530 1391 biblio-

375 1420 531 1462 theca
549 1419 689 1472 regia
710 1422 1119 1470 asservatorum;
1141 1418 1228 1461 ubi
1242 1418 1315 1461 sic
1330 1419 1546 1473 legimus
1563 1418 1628 1472 (p.
1645 1417 1823 1475 XVII):
1850 1420 1948 1461 »Ex
1963 1418 2316 1473 designatione
2329 1417 2529 1460 Erasmi

377 1488 657 1531 Bartholini
682 1488 840 1542 liquet
858 1488 909 1530 in
929 1488 1246 1531 Bibliotheca
1266 1489 1417 1542 Regia
1438 1488 1723 1531 Hauniensi
1748 1490 1947 1531 nullum
1975 1488 2422 1542 autographorum
2447 1487 2530 1530 de-

376 1558 606 1609 siderari,
633 1557 685 1599 si
709 1557 957 1611 excipias
985 1568 1146 1600 unum
1176 1558 1427 1600 volumen
1450 1556 1505 1600 in
1529 1558 1720 1601 octavo
1740 1558 2010 1601 continens
2031 1557 2422 1600 observationes
2442 1568 2530 1611 pu-

376 1627 524 1669 eriles
550 1628 590 1669 8ι
609 1627 862 1682 juveniles
887 1627 953 1670 ab
981 1639 1118 1670 anno
1148 1627 1258 1670 1563
1285 1628 1352 1670 ad
1379 1639 1575 1670 annum
1604 1628 1715 1670 1574
1739 1628 2038 1670 institutas«
2067 1627 2222 1681 Atqui
2248 1638 2370 1670 cum
2396 1626 2444 1668 d.
2470 1625 2529 1668 24

377 1709 444 1739 m.
469 1697 593 1739 Dec.
616 1709 661 1738 a.
688 1697 797 1739 1777
816 1697 976 1740 libros
996 1700 1206 1740 mutuos
1224 1700 1422 1751 peteret
1441 1697 1629 1748 Hvass,
1657 1697 1977 1740 mentionem
2001 1697 2202 1740 fecerat
2221 1699 2423 1751 septem
2440 1707 2530 1739 vo-

374 1766 627 1808 luminum
647 1765 699 1807 in
717 1765 857 1817 folio,
880 1766 1103 1808 duorum
1118 1766 1170 1808 in
1182 1767 1251 1818 4⁰,
1273 1766 1423 1809 unius
1437 1766 1487 1808 in
1501 1766 1569 1809 8⁰.
1592 1767 1826 1821 Denique
1846 1779 1967 1810 cum
1983 1779 2048 1810 ex
2062 1766 2393 1821 ephemeride
2407 1777 2529 1819 qua-

375 1836 498 1877 dam
526 1835 861 1878 Germanica³
887 1847 933 1878 a.
965 1835 1075 1878 1804
1100 1848 1131 1878 a
1157 1836 1465 1879 Werlauffio
1491 1837 1648 1879 allata
1673 1837 1724 1879 in
1749 1837 1867 1880 vico
1892 1838 2052 1891 Passy
2076 1848 2240 1891 prope
2267 1835 2528 1878 Lutetiam

373 1905 642 1948 hominem
668 1905 931 1958 quendam
956 1905 1165 1948 nomine
1187 1905 1360 1948 Hvass
1379 1905 1568 1949 vixisse
1595 1909 1861 1960 appareat,
1889 1907 1976 1960 qui
2004 1906 2113 1949 »ein
2132 1905 2527 1960 Autographum

373 1986 478 2017 von
504 1974 683 2027 Tycho
713 1974 905 2016 Brahe«
937 1987 969 2016 a
996 1977 1144 2028 patre
1171 1975 1257 2017 illo
1284 1978 1524 2029 tempore
1553 1975 1798 2019 defuncto
1827 1976 1923 2018 sibi
1954 1976 2192 2018 relictum
2222 1975 2526 2029 possideret,

374 2045 514 2097 quod
539 2044 731 2086 summi
755 2044 808 2085 in
833 2043 1011 2086 litteris
1037 2055 1099 2086 ac
1127 2044 1374 2087 doctrinis
1398 2045 1548 2098 pretii
1573 2056 1687 2087 esse
1713 2045 2017 2097 affirmaret,
2047 2046 2296 2088 volumen
2322 2044 2447 2087 illud
2475 2044 2528 2086 in

372 2114 424 2155 8ο
453 2126 499 2155 a.
531 2113 640 2155 1778
668 2114 750 2155 vel
784 2113 895 2155 1779
923 2113 1268 2164 bibliothecae,
1299 2125 1459 2167 quam
1487 2114 1574 2157 illo
1602 2117 1841 2168 tempore
1869 2116 2008 2157 male
2036 2114 2342 2168 dispositam
2368 2113 2527 2156 fuisse

372 2185 590 2233 constat,
619 2194 723 2225 non
748 2182 1041 2224 restitutum
1067 2194 1181 2225 esse
1206 2186 1257 2225 et
1282 2195 1328 2225 a.
1354 2183 1464 2225 1804
1488 2183 1621 2226 inter
1645 2196 1833 2227 manus
1854 2184 2081 2227 hominis
2100 2184 2371 2239 cujusdam
2393 2183 2528 2226 Dani

371 2252 603 2306 ignobilis
622 2252 675 2293 in
696 2251 861 2294 Gallia
879 2252 1098 2295 viventis
1118 2252 1275 2295 fuisse
1294 2252 1512 2295 videtur.
1540 2253 1677 2296 Bene
1695 2255 1875 2296 tamen
1895 2253 2099 2306 accidit,
2125 2256 2183 2295 ut
2201 2253 2305 2296 duo
2326 2255 2528 2295 exstent

371 2323 609 2375 exempla
629 2333 694 2363 ex
713 2332 776 2364 eo
795 2321 1148 2376 transscripta,
1174 2321 1345 2364 Haun.
1367 2323 1482 2364 Ant.
1506 2323 1629 2365 Coll.
1653 2323 1766 2376 Reg.
1793 2322 1903 2365 1824
1921 2323 1974 2365 in
1992 2323 2045 2366 4⁰
2065 2323 2199 2379 (cod.
2220 2323 2283 2378 A)
2301 2325 2353 2365 et
2370 2322 2457 2365 310
2475 2322 2527 2365 in

372 2391 476 2441 fol„
510 2402 733 2444 quorum
761 2390 862 2433 hoc
891 2390 1015 2433 illud
1042 2395 1134 2443 est,
1169 2392 1309 2445 quod
1338 2393 1406 2434 ad
1434 2393 1716 2445 explendas
1744 2393 1960 2436 lacunas
1988 2392 2243 2435 Historiae
2275 2390 2527 2435 Coelestis

372 2460 596 2503 confecit
616 2460 955 2503 Bartholinus.

439 2530 642 2572 Saeculo
668 2529 783 2571 XIX
807 2530 922 2573 libri
939 2530 1223 2583 Tychonici
1249 2541 1312 2574 eo
1337 2533 1541 2573 tantum
1567 2532 1782 2575 consilio
1809 2533 2032 2575 consulti
2057 2534 2191 2583 sunt,
2217 2534 2275 2574 ut
2299 2534 2527 2574 cometa-

367 2670 674 2705 1¹observatoite
693 2671 744 2704 de
763 2670 893 2710 Paris,
914 2671 1140 2705 Memoires
1159 2671 1250 2705 XXI
1271 2682 1307 2715 p.
1329 2671 1357 2705 F
1371 2672 1416 2705 24
1435 2674 1473 2706 et
1491 2670 1678 2715 ejusdem
1699 2672 1884 2716 praefatio
1904 2673 1957 2708 ad
1977 2662 2184 2712 PlNGRE,
2203 2672 2399 2707 Annales
2418 2671 2524 2706 (3613-

366 2731 456 2762 stes
480 2729 532 2762 du
557 2728 852 2772 dix-septieme
875 2728 1005 2763 siecle
1031 2728 1155 2771 (1901)
1176 2739 1213 2773 p.
1233 2729 1279 2764 X.
1306 2729 1591 2774 Quaecumque
1616 2739 1713 2764 vero
1739 2730 1789 2765 de
1815 2730 1894 2766 hac
1916 2741 1959 2766 re
1978 2729 2059 2766 dixi
2078 2730 2122 2765 in
2140 2729 2247 2765 libro
2267 2739 2360 2764 meo
2382 2729 2525 2774 Tycho

367 2786 506 2820 Brabe
525 2796 561 2829 p.
581 2786 651 2820 375
669 2796 764 2821 cum
785 2796 881 2820 ann.
900 2786 933 2826 3,
958 2786 1064 2821 falsa
1089 2789 1195 2821 sunt.
1224 2787 1463 2830 Exemplum
1490 2786 1548 2821 ibi
1568 2790 1937 2823 commemoratum
1957 2787 2001 2823 in
2021 2798 2089 2823 sex
2107 2790 2242 2823 tomos
2261 2785 2524 2822 distributum

368 2842 472 2877 illud
491 2845 561 2883 est,
582 2843 694 2887 quod
714 2843 888 2879 coniecit
908 2844 970 2879 De
989 2844 1110 2879 1'1s1e.

438 2901 450 2926 ¹
473 2900 532 2936 Cf.
552 2900 658 2936 infra
678 2900 782 2936 inter
800 2900 1109 2937 observationes
1127 2912 1165 2946 p.
1190 2902 1230 2936 14
1250 2912 1347 2937 ann.
1370 2902 1398 2937 1.

435 2959 452 2984 ²
470 2957 559 2993 Vid.
573 2959 864 2995 WERLAUFF
883 2959 908 2994 1.
929 2969 961 2995 c.
980 2970 1018 3003 p.
1042 2959 1107 2994 195
1126 2970 1212 3004 sqq.
1239 2960 1287 2994 In
1313 2959 1480 2995 archivo
1505 2959 1767 2997 bibliothecae
1793 2959 1899 2996 nihil
1924 2960 2101 2997 inveniri
2127 2960 2231 2996 mihi
2259 2962 2432 2997 relatum
2452 2964 2524 3002 est,

366 3026 449 3060 quo
467 3015 595 3051 libros
614 3016 793 3052 redditos
813 3027 904 3052 esse
924 3020 1126 3062 appareat.
1147 3018 1275 3053 Paulo
1293 3021 1385 3062 post
1404 3017 1509 3053 illud
1527 3020 1689 3063 tempus
1709 3030 1732 3054 e
1752 3018 1890 3055 Dania
1909 3018 2152 3064 demigravit
2172 3019 2322 3060 Hvass,
2341 3022 2380 3055 et
2397 3029 2524 3064 prope

367 3074 566 3109 Lutetiam
581 3074 776 3115 consedit.
792 3075 865 3110 ubi
879 3086 914 3111 a.
932 3076 1021 3111 1798
1033 3075 1245 3111 etiamtum
1259 3075 1443 3120 degebat.
1463 3076 1523 3111 Cf.
1537 3076 1764 3112 THOMAS
1779 3077 1975 3118 BUGGE,
1994 3077 2123 3112 Reise
2137 3077 2183 3112 til
2194 3077 2315 3112 Paris
2327 3077 2343 3112 ι’
2353 3078 2524 3112 Aarene

371 3132 470 3167 1798
487 3143 544 3177 og
566 3133 664 3167 1799
684 3132 883 3174 (Hauniae
907 3133 1010 3175 1800)
1033 3144 1070 3177 p.
1090 3134 1169 3173 384,
1195 3133 1267 3178 qui
1293 3132 1545 3169 mentionem
1570 3134 1666 3170 facit
1691 3134 1804 3170 illius
1829 3133 2034 3175 editionis.
2060 3145 2186 3180 quam
2213 3134 2417 3171 conficere
2443 3133 2523 3170 sibi

365 3193 632 3234 proposuerat
651 3190 802 3231 Hvass,
822 3193 943 3236 atque
963 3190 1082 3226 illum
1102 3190 1354 3227 collectanea
1373 3191 1488 3227 haud
1507 3193 1741 3237 spernenda
1759 3193 1843 3229 huc
1861 3192 2105 3237 pertinentia
2123 3191 2333 3237 paravisse
2353 3192 2419 3228 ait.

433 3249 450 3274 3
469 3247 594 3283 Affert
612 3248 812 3283 Werlauff
833 3249 994 3284 »Neues
1013 3249 1118 3293 Allg.
1140 3249 1481 3294 Intelligenzblatt
1498 3250 1564 3285 fiir
1583 3249 1670 3286 Litt.
1684 3262 1724 3286 u.
1740 3251 1874 3286 Kunst
1890 3261 1942 3286 zu
1963 3250 2094 3295 Leipz.
2116 3250 2203 3286 Litt.
2222 3249 2400 3295 Zeitung
2422 3250 2522 3290 1804.

368 3306 410 3340 10
429 3305 502 3340 St«
