2690 4178
1207 300 1334 353 1573
2298 305 2369 359 39

170 441 362 497 partim
384 440 507 494 quia
527 438 822 482 Meridiano
844 439 1011 491 magis
1031 439 1304 492 magisque
1326 440 1789 493 appropinquaret,
1813 441 1854 483 ἃ
1875 441 1942 483 ob
1964 442 2017 484 id
2040 444 2367 488 altitudinem

170 512 276 544 non
306 498 600 542 admodum
627 497 927 540 sensibiliter
952 508 1127 550 pauco
1155 499 1400 551 tempore
1429 501 1674 541 mutaret.
1704 498 1928 542 Coeterae
1959 501 2236 545 antedidtae
2265 505 2369 546 ani-

171 558 564 603 madverfiones
585 557 705 599 satis
726 556 859 599 bene
881 555 931 597 se
951 555 1165 599 habent.
1183 557 1257 599 Ex
1278 556 1468 610 quibus
1488 557 1650 600 etiam
1670 557 1866 611 liquido
1888 559 2105 612 constat,
2125 563 2369 615 tempora

170 618 323 662 huius
344 616 570 671 deliquij,
592 627 659 659 ex
678 615 855 658 nostra
874 617 1000 657 tunc
1023 614 1271 670 assignata
1292 615 1672 668 verificatione,
1696 618 2071 660 convenienter
2092 619 2141 661 se
2154 619 2367 664 habere.

172 677 308 721 Nam
324 676 466 731 quod
488 674 786 719 altitudines
804 674 1036 716 fixarum
1057 674 1124 717 ob
1132 674 1352 717 seruatae
1367 686 1399 717 a
1414 676 1558 729 prius
1579 676 1843 718 annotatis
1864 677 2072 720 circiter
2085 690 2190 721 vno
2206 680 2371 732 gradu

172 736 455 787 abundent,
475 734 751 778 tolerabile
772 733 859 776 est.
883 733 1124 784 Quatuor
1149 734 1291 776 enim
1311 734 1396 777 vel
1418 734 1647 788 quinque
1674 734 1857 778 saltem
1885 736 2098 779 minutis
2116 739 2370 791 temporis

170 797 443 838 momenta
464 794 671 849 deliquij
701 793 769 836 fic
796 793 1100 847 prolongari
1124 792 1344 847 possunt,
1368 793 1408 834 8ι
1433 793 1746 836 tantundem
1775 794 1936 837 etiam
1960 795 2371 851 Knudstorpium

172 854 388 898 Haffnia
402 854 559 908 Regni
573 852 872 906 Metropoli,
888 852 973 895 vel
987 852 1162 906 potius
1176 852 1298 895 loco
1313 853 1648 907 longitudinis
1665 852 1937 907 assumptae
1952 854 2025 896 est
2040 854 2371 908 Orientalior,

170 915 242 957 ita
267 916 324 956 vt
349 914 522 956 maior
547 912 716 955 ferme
742 911 981 966 praecifio
1007 911 1203 965 requiri
1227 923 1335 954 non
1362 912 1568 955 debeat.
1592 912 1652 954 Et
1677 912 1894 966 ipsemet
1914 913 2033 956 satis
2059 914 2242 957 mirari
2265 926 2373 958 non

170 972 387 1028 possum,
401 971 674 1026 quomodo
695 972 748 1013 in
768 971 855 1013 illa
867 970 1085 1025 Juvenili
1104 973 1279 1022 aetate,
1296 983 1498 1013 annum
1513 971 1697 1014 saltem
1719 983 1878 1026 agens
1891 971 1964 1024 26,
1981 984 2079 1015 nec
2096 973 2215 1016 satis
2235 975 2374 1028 copi-

171 1032 270 1077 ofis
284 1032 654 1085 accuratisque
668 1031 720 1073 in
735 1033 885 1074 motu
898 1030 1263 1072 Luminarium
1282 1030 1737 1073 obseruationibus
1750 1034 1906 1074 antea
1918 1031 2143 1083 fulcitus,
2156 1032 2372 1087 scopum

170 1091 337 1146 ipsum
359 1091 494 1134 adeo
509 1090 727 1145 praecise
748 1090 1034 1134 collineare
1055 1090 1335 1143 potuerim.
1352 1089 1607 1143 Equidem
1621 1089 1708 1133 hic
1729 1089 1855 1132 nihil
1877 1090 2074 1145 affingo
2096 1095 2187 1134 aut
2205 1095 2371 1144 muto,

171 1151 258 1194 sed
272 1150 756 1193 animaduersiones
774 1150 982 1192 coelitus
997 1147 1165 1191 factas
1186 1149 1407 1204 ingenue
1428 1148 1620 1200 refero,
1636 1151 1795 1203 prout
1813 1149 1945 1192 liber
1959 1151 2058 1201 ille,
2075 1151 2127 1192 in
2143 1163 2247 1205 quo
2262 1153 2373 1195 eius

171 1210 295 1253 anni
315 1209 710 1253 obseruationes
731 1209 1050 1263 confignatae
1077 1208 1206 1260 sunt,
1230 1208 1459 1259 exhibet,
1486 1208 1526 1250 81
1548 1208 1724 1252 adhuc
1752 1208 1940 1252 charta
1968 1210 2019 1251 in
2045 1213 2259 1264 promtu
2285 1212 2372 1263 est,

171 1270 223 1312 in
242 1281 347 1323 qua
368 1272 512 1321 tunc,
533 1268 790 1324 praesente
811 1266 950 1311 dicta
978 1268 1172 1320 sorore,
1195 1268 1437 1311 &lumen
1463 1268 1516 1310 in
1540 1268 1816 1320 laternula,
1841 1270 2054 1323 quando
2083 1280 2216 1323 opus
2242 1273 2371 1322 erat,

171 1328 469 1380 adhibente,
492 1328 999 1384 conscribebantur1.

230 1387 536 1432 Notandum
549 1399 696 1440 vero,
713 1387 857 1441 quod
875 1387 1146 1442 superius,²
1158 1387 1285 1429 dum
1300 1387 1422 1430 loca
1436 1392 1480 1437 Θ
1496 1387 1537 1429 8ι
1554 1391 1582 1438 (ζ
1605 1398 1671 1430 ex
1685 1387 1901 1442 propria
1922 1388 2287 1431 constitutione
2306 1389 2373 1431 ad

170 1447 406 1491 medium
424 1447 631 1503 deliquij
655 1447 981 1501 assignarem,
1003 1458 1091 1489 me
1113 1446 1327 1501 quidem
1347 1447 1434 1489 illa
1460 1447 1513 1488 in
1526 1446 1743 1501 2604071
1760 1447 1800 1489 81
1818 1447 1867 1503 ][
1885 1447 2091 1499 locasse,
2108 1447 2211 1490 five
2233 1448 2374 1502 quod

169 1509 294 1550 tunc
314 1507 379 1550 de
400 1507 593 1562 majori
611 1507 920 1561 praecifione
941 1506 1131 1549 dubius
1152 1506 1325 1558 essem,
1342 1506 1446 1549 five
1468 1506 1645 1559 aliquo
1668 1506 1771 1550 alio
1793 1507 2052 1549 minutulo
2073 1518 2269 1559 errore,
2290 1508 2373 1550 vel

171 1577 294 1609 meo
314 1567 521 1610 calculo
539 1567 623 1610 vel
644 1566 896 1620 scriptori,
915 1568 1006 1608 aut
1026 1566 1188 1608 etiam
1203 1565 1541 1620 typographo
1560 1565 1886 1620 subrepente.
1902 1566 1970 1608 At
1988 1577 2145 1618 nunc,
2161 1566 2289 1608 dum
2306 1567 2375 1609 ad

170 1623 360 1669 recstius
389 1626 697 1669 examinata
721 1625 1059 1679 restitutaque
1082 1625 1511 1679 subsequentibus
1544 1625 1694 1668 annis
1716 1625 2082 1668 Luminarium
2113 1626 2375 1668 curricula

170 1685 288 1728 haec
310 1685 419 1739 ipsa
438 1686 705 1737 examino,
720 1686 843 1728 loca
862 1685 1155 1728 eorundem
1178 1684 1323 1728 sexta
1343 1685 1538 1739 gradus
1558 1687 1709 1739 parte
1729 1685 2068 1740 proroganda
2087 1685 2313 1736 invenio,
2334 1685 2374 1727 8ι

170 1743 508 1788 nihilominus
521 1748 768 1800 tempora
783 1744 1239 1788 obseruationibus
1260 1755 1328 1787 ex
1346 1744 1524 1787 nostra
1539 1744 1859 1787 restitutione
1874 1745 1915 1787 81
1932 1745 2138 1787 calculo
2154 1744 2376 1788 redinte-

170 1806 319 1858 grato
341 1807 463 1859 apte
483 1805 815 1857 convenient,
837 1804 1297 1858 quemadmodum
1321 1815 1387 1846 ex
1409 1804 1702 1858 appendice
1729 1804 1915 1858 capitis
1935 1804 2106 1858 primi,
2129 1804 2218 1847 vbi
2238 1804 2303 1847 de
2331 1807 2360 1855 (ζ

171 1866 320 1907 motu
338 1864 521 1919 agitur,
537 1865 591 1907 in
608 1866 759 1908 tomo
781 1864 1044 1907 anteriore
1059 1864 1596 1918 Progymnasmatum
1616 1863 1918 1907 nostrorum
1931 1863 2283 1907 Astronomiae
2303 1864 2374 1906 in-

170 1922 469 1967 staurandae
488 1924 786 1978 comperire
805 1924 942 1967 licet.

231 1991 411 2051 Quod³
423 1993 547 2038 haec
567 1993 801 2049 eclipsis,
817 1994 978 2038 cuius
997 1993 1242 2037 Medium
1267 2004 1546 2048 apparens
1567 1993 1853 2049 obseruavj
1870 1993 2132 2048 exquisite
2153 1994 2375 2037 Knuds-

171 2052 350 2109 dotpij
364 2053 431 2097 H.
444 2053 474 2097 8
492 2053 567 2097 M.
585 2053 654 2108 18,
669 2053 842 2109 posito
860 2055 983 2097 Ioco
1004 2053 1155 2098 Solis
1176 2065 1249 2096 ex
1270 2052 1644 2097 obseruatione
1663 2053 1955 2097 Neoterica
1976 2052 2150 2097 nostra
2173 2054 2297 2096 tunc
2317 2053 2373 2095 in

168 2112 228 2155 26
257 2113 312 2155 51
331 2115 401 2168 a.
424 2114 721 2157 concordet
737 2125 860 2157 cum
883 2112 1057 2157 nostra
1078 2113 1325 2156 Motuum
1348 2112 1677 2156 restitutione
1702 2112 1888 2156 Vltima
1909 2113 1965 2155 in
1986 2112 2374 2156 Luminaribus

172 2171 264 2215 vbi
275 2172 440 2216 etiam
460 2178 489 2225 (ζ
505 2171 1403 2229 aeMotquropteraequinodtiorum
1421 2172 1664 2216 citiorem
1681 2173 1885 2216 motum
1903 2171 2272 2225 adduntur13⁴,
2281 2183 2375 2226 pa-

172 2232 260 2285 tet,
277 2232 403 2286 quia
426 2233 551 2276 tunc
572 2244 696 2276 cum
718 2233 872 2277 iuxta
887 2232 1239 2276 Prutenicum
1262 2233 1535 2276 calculum
1559 2232 1690 2275 eBet
1706 2232 1946 2275 medium
1970 2231 2200 2286 eclipsis,
2215 2230 2359 2283 suita

170 2290 226 2333 in
244 2291 382 2335 26.42
398 2293 447 2350 ][
464 2292 650 2347 itaque
671 2293 700 2335 9
718 2293 927 2336 minuta
949 2291 1256 2345 deficiebat,
1281 2303 1404 2346 quae
1431 2291 1680 2335 efficiunt
1702 2292 1910 2334 minuta
1936 2291 2003 2344 17,
2025 2291 2191 2345 igitur
2205 2290 2373 2334 consi-

170 2350 360 2394 derato
379 2352 524 2406 quod
543 2352 784 2395 medium
808 2351 1028 2406 eclipsis
1052 2352 1207 2395 iuxta
1229 2352 1579 2395 Prutenicum
1603 2352 1875 2394 calculum
1904 2350 1959 2393 in
1986 2361 2116 2393 vera
2141 2350 2373 2404 longitu-

171 2409 298 2453 dine
315 2421 439 2465 quae
459 2410 535 2454 est
546 2411 653 2455 37.0
668 2413 727 2455 vt
738 2411 924 2467 postea
939 2411 1282 2466 deprehendi
1300 2410 1364 2455 fit
1380 2410 1551 2454 hora8
1571 2411 1645 2454 M.
1656 2410 1698 2464 0,
1715 2410 1949 2464 ideoque
1970 2409 2187 2464 eclipsis
2207 2409 2373 2453 huius

172 2479 302 2514 vera
323 2471 592 2525 apparitio
610 2471 666 2514 in
686 2471 872 2515 medio
893 2470 1285 2515 obscurationis
1300 2470 1559 2526 prouenit
1576 2469 1682 2514 H.8
1695 2470 1770 2513 M.
1784 2470 1853 2523 17,
1870 2470 2015 2524 quod
2033 2468 2163 2513 satis
2183 2468 2375 2523 exqui-

170 2528 263 2572 site
282 2529 572 2585 respondet
589 2530 964 2586 obseruationj.

230 2639 241 2664 ¹
264 2643 345 2675 Nec
358 2643 450 2675 liber
461 2653 534 2676 nec
548 2645 674 2676 charta
686 2653 788 2676 nunc
803 2644 969 2684 superest.

227 2686 244 2711 ²
265 2690 413 2722 Scilicet
425 2691 463 2723 in
476 2691 570 2723 libro
584 2692 631 2724 de
644 2701 746 2724 nova
758 2692 866 2730 stella,
880 2693 920 2723 T.
929 2693 944 2723 1
958 2694 1059 2732 p.55.

228 2734 244 2759 3
263 2738 468 2771 Annotatio
481 2739 519 2770 in
534 2740 722 2771 calculum
737 2740 879 2780 eclipsis
894 2736 974 2778 (T.1
988 2735 1095 2780 p.52)
1110 2739 1147 2771 in
1162 2739 1294 2771 codice
1308 2739 1471 2771 Vindob.
1490 2740 1614 2777 10932,
1630 2740 1659 2770 ff
1670 2740 1739 2770 57v
1754 2743 1790 2770 et
1805 2739 1878 2776 58r,
1899 2747 2013 2769 manu
2027 2737 2219 2777 Tychonis
2233 2736 2372 2776 scripta.
