2690 4178
401 393 456 442 12

818 531 1089 590 ANNO
1125 531 1297 599 1565,
1319 527 1665 588 AETATIS
1699 528 1789 596 19,
1819 526 2144 586 LIPSIAE.

1226 625 1535 679 JANUARIJ
1557 626 1667 667 DIE
1687 626 1728 667 7.

460 700 606 743 Hora
625 702 652 742 7
672 699 781 753 post
809 699 1080 742 meridiem
1099 698 1203 740 vidi
1228 702 1255 748 (ζ
1281 694 1611 740 coniunctam
1638 706 1761 738 cum
1787 694 1925 737 stella
1949 694 2002 737 in
2021 697 2258 738 extrema
2283 696 2368 737 ala
2385 695 2552 749 Pegasi

402 770 520 812 quae
540 758 610 801 est
635 758 687 800 in
710 758 767 800 3¹³
789 758 856 799 15¹
871 762 942 808 V.
959 757 1079 798 Erat
1106 759 1281 798 autem
1306 760 1334 805 (ζ
1357 758 1480 797 tunc
1505 752 1756 806 temporis
1781 752 1833 794 in
1852 753 1879 794 5
1905 751 2111 795 circiter
2121 757 2195 804 V,
2211 753 2295 796 sed
2322 751 2553 807 aspectus

402 817 666 859 diuersitas
685 814 1102 858 coniunctionem
1121 813 1311 867 paruit:
1328 815 1441 855 erat
1461 814 1638 853 autem
1658 809 2032 864 conjunctionis
2051 813 2414 865 argumentum
2433 811 2552 862 hoc,

402 876 542 927 quod
561 874 696 916 linea
716 872 869 916 ducta
890 873 955 915 ab
977 872 1209 926 apicibus
1234 876 1262 922 c(
1287 868 1476 913 directe
1496 869 1547 910 in
1568 869 1765 911 stellam
1784 867 2059 911 incidebat.

1252 961 1362 1006 DIE
1380 962 1437 1005 28
1458 961 1701 1012 MARTIJ.

454 1035 1067 1090 Circa8pomeridianam
1084 1033 1283 1076 oculari
1296 1031 1705 1076 consideratione
1722 1030 1902 1074 Iouem
1919 1031 2255 1074 confideraui.
2268 1032 2438 1074 Primo
2454 1031 2556 1084 sep-

400 1093 758 1137 tentrionalior
776 1093 1050 1136 videbatur
1073 1092 1327 1134 minutula
1352 1091 1439 1132 illa
1465 1090 1604 1132 stella
1624 1101 1743 1142 quae
1769 1088 1838 1131 est
1860 1088 1971 1142 post
1996 1100 2090 1132 cor
2110 1088 2163 1145 Ω
2183 1089 2327 1131 iuxta
2346 1089 2556 1131 Zodiaci

402 1151 613 1194 ductum
640 1152 708 1194 ad
732 1151 971 1193 diametri
997 1150 1191 1192 lunaris
1217 1149 1325 1192 fere
1349 1148 1691 1202 quantitatem
1717 1150 1768 1189 et
1791 1147 2066 1190 videbatur
2089 1147 2424 1201 transgressus
2443 1147 2555 1201 jam

401 1210 552 1252 huius
573 1208 1008 1252 coniunctionem:
1023 1220 1148 1250 nam
1167 1208 1326 1250 talem
1347 1218 1412 1249 ex
1431 1209 1578 1259 parte
1597 1204 1826 1247 faciebat
1845 1216 1967 1247 cum
1986 1204 2072 1247 illa
2091 1205 2330 1259 figuram,
2346 1206 2556 1259 qualem

400 1268 485 1310 illa
500 1280 618 1321 quae
640 1268 728 1310 sub
746 1267 905 1310 corde
925 1266 1009 1318 est,
1032 1277 1153 1309 cum
1171 1265 1279 1319 ipso
1301 1265 1475 1315 corde,
1490 1266 1547 1306 vt
1564 1266 1759 1317 quanto
1778 1263 2050 1306 interuallo
2071 1274 2165 1306 cor
2181 1263 2234 1305 in
2254 1264 2557 1307 anteceden-

400 1326 474 1368 tia
492 1326 703 1368 inclinat
723 1325 788 1367 ab
809 1325 895 1367 illa
914 1324 1116 1366 minuta
1136 1324 1224 1366 sub
1246 1324 1294 1366 se
1315 1322 1572 1373 existente,
1593 1324 1739 1364 tanto
1761 1321 1918 1363 etiam
1937 1320 2212 1365 interuallo
2230 1322 2267 1375 η
2285 1322 2337 1363 in
2356 1325 2558 1365 antece-

401 1383 576 1426 dentia
595 1396 626 1426 a
645 1383 899 1426 minutula
913 1393 1119 1435 quoque
1139 1382 1227 1424 sub
1243 1381 1292 1424 se
1311 1380 1542 1430 inclinat;
1564 1382 1615 1422 et
1634 1380 1669 1421 fi
1690 1391 1722 1421 a
1742 1379 2001 1433 superiore
2020 1390 2085 1422 ex
2098 1379 2264 1422 tribus
2283 1379 2335 1422 in
2351 1379 2557 1423 ceruice

403 1441 455 1499 Ω
478 1441 545 1484 ad
569 1442 706 1484 hanc
733 1441 1058 1491 minutulam,
1086 1451 1245 1493 quam
1270 1439 1322 1481 in
1346 1441 1526 1481 ventre
1552 1440 1750 1491 putant,
1777 1438 1969 1480 lineam
1995 1437 2219 1490 duxeris,
2244 1440 2368 1480 tunc
2393 1438 2446 1480 in
2469 1438 2557 1480 illa

400 1500 537 1542 linea
555 1498 696 1542 rec’ta
711 1499 908 1553 Jupiter
927 1499 1202 1541 videbatur
1221 1496 1640 1551 comprehensus.
1662 1495 1740 1538 Est
1760 1495 1915 1538 stellae
1933 1496 2081 1538 locus
2099 1495 2152 1538 in
2175 1496 2227 1538 15
2246 1496 2446 1539 minuto
2463 1495 2556 1553 ΩΙ,

400 1558 537 1600 vnde
558 1569 680 1600 cum
703 1559 740 1611 ll
764 1556 990 1599 anterior
1009 1556 1142 1607 esset‚
1164 1558 1381 1609 apparet
1405 1556 1582 1598 locum
1605 1566 1671 1597 ex
1695 1554 1875 1598 tabula
1899 1554 2269 1608 praesupposita
2286 1553 2431 1597 iuxta
2451 1554 2559 1596 Sta-

402 1616 546 1658 dium
565 1627 749 1658 verum
769 1615 881 1665 esse,
902 1614 1120 1657 latitudo
1141 1613 1346 1656 circiter
1364 1613 1436 1655 20¹
1459 1613 1653 1656 boreal.

451 1672 625 1731 ‘fivero
646 1673 750 1716 vidi
769 1673 954 1716 eodem
969 1675 1208 1726 tempore
1228 1682 1351 1715 cum
1370 1671 1625 1713 minutula
1643 1671 1730 1712 illa
1745 1682 1863 1724 quae
1883 1670 1954 1713 est
1973 1681 2038 1713 ex
2050 1669 2079 1712 4
2094 1670 2147 1712 in
2166 1670 2337 1724 capite
2352 1669 2422 1727 Ω,
2438 1681 2557 1723 quae

400 1731 673 1774 minimam
682 1732 840 1775 habet
849 1730 1172 1773 latitudinem
1181 1730 1247 1772 ab
1257 1729 1517 1783 Ecliptica‚
1526 1728 1841 1783 longitudine
1852 1728 2058 1771 circiter
2069 1726 2557 1771 coniuncstam.Nam

402 1802 523 1832 cum
536 1790 637 1832 hac
650 1789 864 1832 similem
878 1789 1107 1831 habebat
1120 1789 1356 1842 positum,
1369 1788 1579 1841 qualem
1600 1798 1694 1830 cor
1705 1786 1758 1844 Ω
1773 1798 1896 1829 cum
1911 1786 2132 1838 ceruice,
2144 1786 2233 1828 nisi
2248 1786 2388 1840 quod
2401 1787 2557 1840 paulo

401 1848 566 1902 magis
585 1848 637 1889 in
656 1847 1017 1890 antecedentia
1035 1846 1299 1889 videretur
1311 1848 1599 1900 promotuS,
1615 1845 1751 1888 vnde
1768 1844 1877 1887 fere
1894 1845 2111 1899 praecisa
2131 1842 2424 1887 coniunctio
2440 1855 2559 1887 cau-

402 1906 500 1948 sari
518 1908 737 1959 poterat,
760 1918 885 1947 nam
910 1906 1025 1959 plus
1050 1905 1209 1947 habet
1228 1915 1321 1947 cor
1343 1903 1396 1961 Ω
1416 1904 1468 1946 in
1491 1903 1850 1946 antecedentia
1871 1915 2031 1957 quam
2058 1903 2255 1946 ceruix:
2277 1903 2415 1946 vnde
2440 1902 2559 1946 esset

400 1963 453 2005 in
479 1964 606 2006 12.15
628 1962 701 2020 Ως
729 1963 890 2006 modo
917 1964 1063 2006 locus
1089 1963 1211 2005 fixae
1235 1961 1374 2005 recte
1400 1962 1469 2005 est
1494 1962 1911 2016 praesuppofitus;
1942 1964 2056 2019 erat
2083 1961 2242 2004 etiam
2271 1972 2393 2004 cum
2422 1960 2558 2003 linea

400 2020 557 2071 recta,
574 2020 728 2064 ducta
747 2032 840 2075 per
853 2020 1046 2063 dictam
1064 2020 1117 2063 in
1138 2020 1308 2074 capite
1323 2019 1376 2077 Ω
1391 2023 1442 2063 et
1461 2020 1658 2063 stellam
1678 2019 1910 2062 mediam
1929 2031 1995 2062 ex
2011 2019 2176 2062 tribus
2191 2020 2332 2072 quasi
2351 2018 2403 2061 in
2422 2018 2558 2062 linea

400 2078 542 2122 recta
554 2080 607 2121 in
621 2080 790 2133 capite
803 2079 1024 2133 Hydrae;
1038 2091 1103 2122 ex
1117 2078 1196 2121 his
1210 2082 1441 2121 erratum
1456 2078 1622 2132 magis
1635 2077 1687 2120 in
1699 2077 1817 2120 fixis
1828 2089 1988 2132 quam
2001 2077 2053 2119 in
2066 2078 2275 2131 planeta
2285 2076 2556 2120 videbitur.

1235 2171 1363 2227 [DIE
1382 2171 1439 2214 29
1460 2170 1721 2226 MART1J1.

450 2242 545 2285 Die
558 2242 797 2295 sequente
808 2241 918 2295 post
929 2252 1139 2284 coenam
1150 2241 1291 2284 circa
1301 2242 1493 2284 horam
1503 2252 1698 2284 nonam
1710 2240 1925 2283 eosdem
1935 2240 2109 2283 rursus
2121 2239 2559 2285 obseruaui.Vide-

401 2301 554 2343 batur
578 2300 748 2354 primo
773 2298 810 2357 'b
831 2300 1005 2342 rursus
1031 2301 1083 2342 in
1107 2299 1242 2342 linea
1267 2298 1410 2342 recta
1435 2298 1691 2342 inferioris
1715 2298 1767 2340 in
1793 2298 1962 2352 capite
1978 2298 2031 2355 Ω
2047 2310 2166 2352 quae
2191 2298 2467 2340 minimum
2491 2297 2556 2341 ab

400 2358 678 2411 Eccliptica
698 2358 861 2407 distat,
882 2358 1053 2411 estque
1078 2358 1210 2401 inter
1236 2358 1365 2400 alias
1390 2357 1624 2409 minima,
1647 2360 1698 2400 et
1722 2368 1843 2400 eam
1864 2368 1983 2410 quae
2008 2356 2182 2400 media
2207 2356 2277 2399 est
2301 2356 2433 2399 inter
2453 2359 2559 2399 tres

401 2416 746 2470 proximiores
761 2416 829 2458 ad
843 2416 1177 2470 Ecclipticam
1196 2416 1248 2458 in
1262 2415 1431 2470 capite
1447 2415 1662 2469 Hydrae,
1679 2414 1821 2458 recsta
1840 2415 1975 2458 linea
1989 2415 2130 2468 quasi
2150 2415 2200 2457 se
2218 2414 2558 2468 insequentes,

401 2474 489 2516 nisi
510 2475 650 2527 quod
667 2474 837 2528 prima
851 2486 969 2527 quae
984 2475 1173 2517 scilicet
1191 2474 1362 2517 minus
1382 2474 1541 2517 habet
1560 2474 1612 2516 in
1631 2473 1890 2528 gradibus,
1906 2473 2164 2516 maiorem
2183 2473 2376 2516 habeat
2394 2472 2559 2515 latitu-

402 2532 590 2574 dinem.
613 2533 812 2575 Deinde
837 2533 954 2575 haec
975 2533 1039 2575 de
1060 2544 1163 2586 qua
1188 2533 1375 2586 loquor
1394 2533 1550 2586 paulo
1578 2532 1748 2575 maior
1766 2531 1873 2588 (etfi
1893 2532 2099 2587 parum)
2125 2531 2365 2585 sequente
2388 2531 2556 2574 tertia.

454 2591 574 2632 Erat
588 2591 744 2632 etiam
758 2590 899 2634 idem
912 2591 964 2632 in
977 2591 1111 2633 linea
1125 2589 1266 2633 recta
1281 2602 1399 2644 quae
1414 2590 1704 2633 ducebatur
1716 2601 1809 2643 per
1820 2589 2180 2633 lucidissimam
2192 2589 2326 2632 inter
2338 2600 2428 2632 eas
2439 2600 2558 2643 quae

402 2649 453 2690 in
473 2648 642 2702 capite
658 2647 710 2705 Ω
726 2650 838 2691 sunt
850 2648 988 2705 (quae
1003 2649 1191 2691 scilicet
1205 2649 1379 2691 media
1399 2648 1468 2691 est
1480 2648 1613 2691 inter
1625 2651 1731 2691 tres
1747 2648 1846 2691 sese
1861 2647 2221 2701 subsequentes
2238 2650 2289 2691 et
2307 2647 2439 2691 inter
2453 2659 2559 2689 am-

402 2707 497 2749 bas
517 2718 621 2760 quo
647 2707 715 2748 ad
740 2707 1064 2750 latitudinem
1090 2707 1198 2762 fita)
1220 2711 1271 2749 et
1295 2707 1473 2760 ipsam,
1496 2718 1615 2760 quae
1639 2706 1931 2748 maximam
1956 2705 2116 2748 habet
2140 2705 2465 2748 latitudinem
2491 2704 2557 2748 ab

402 2765 696 2818 Eccliptica‚
708 2764 841 2807 inter
853 2768 957 2807 tres
974 2766 1080 2807 iam
1094 2763 1256 2807 dic'tas
1269 2765 1322 2807 in
1334 2765 1533 2818 Hydra,
1548 2776 1667 2818 quae
1687 2764 1845 2806 etiarn
1865 2764 2036 2807 minus
2049 2764 2210 2807 habet
2226 2763 2279 2806 in
2292 2763 2555 2818 gradibus:

402 2826 453 2865 et
462 2822 736 2866 videbatur
744 2823 878 2865 inter
886 2823 1023 2866 hanc
1039 2826 1090 2865 et
1100 2821 1137 2880 1²,
1150 2823 1322 2866 adhuc
1333 2835 1438 2865 vna
1448 2823 1500 2864 in
1511 2823 1698 2865 eadem
1709 2820 2015 2873 re<5ta‚tanta
2026 2821 2259 2864 distantia
2272 2833 2304 2863 a
2315 2819 2352 2879 ὴ
2364 2824 2559 2875 quanta

402 2882 588 2924 eadem
610 2893 641 2923 a
662 2881 836 2924 media
854 2881 987 2924 inter
1004 2884 1109 2924 tres
1128 2881 1181 2923 in
1200 2881 1369 2934 capite
1387 2880 1602 2934 Hydrae.
1620 2880 1785 2923 Tanta
1805 2883 1918 2923 erat
1937 2879 2172 2923 distantia
2191 2879 2324 2923 inter
2343 2881 2379 2934 24
2400 2882 2451 2923 et
2465 2890 2559 2922 cor

404 2938 474 2996 Ω,
490 2943 684 2992 quanta
698 2939 830 2982 inter
843 2939 974 2981 duas
989 2939 1274 2993 superiores
1287 2939 1420 2982 inter
1432 2938 1611 2981 iubam
1625 2938 1834 2981 verticis
1848 2938 1973 2989 fere,
1989 2937 2161 2981 minor
2174 2937 2378 2980 duobus
2391 2937 2559 2980 inferi-

402 2997 578 3040 oribus
597 2997 668 3039 ita
687 3001 743 3040 vt
761 2997 935 3040 media
956 2997 1250 3040 communis
1270 2997 1528 3040 ambobus
1549 2997 1620 3039 lit.

454 3056 575 3097 Erat
593 3056 795 3109 aequale
813 3055 1134 3098 interstitium
1152 3055 1286 3097 inter
1302 3053 1338 3112 b
1351 3056 1391 3098 81
1405 3066 1498 3098 cor
1559 3087 1571 3106 ‚
1584 3055 1724 3108 quod
1744 3057 1855 3097 erat
1874 3054 2005 3097 inter
2015 3053 2238 3097 eundem
2258 3057 2308 3096 et
2323 3054 2557 3096 medium

400 3113 453 3155 in
473 3113 642 3167 capite
662 3113 863 3167 Hydrae
884 3113 1082 3157 oculari
1102 3114 1307 3156 circiter
1332 3114 1481 3156 conie
1534 3125 1645 3164 ura,
1667 3117 1718 3156 et
1738 3113 1967 3166 spacium
1987 3113 2118 3155 inter
2134 3113 2171 3166 η
2192 3114 2241 3155 et
2261 3113 2555 3165 supremam

400 3171 452 3214 in
472 3172 682 3226 scapula
702 3171 844 3215 circa
864 3172 1146 3226 posteriora
1167 3171 1220 3228 Ω
1241 3171 1350 3214 fere
1369 3172 1571 3225 aequale
1592 3175 1705 3214 erat
1724 3171 1897 3225 spacio
1917 3171 2048 3213 inter
2067 3181 2161 3214 cor
2179 3173 2230 3213 et
2250 3168 2286 3227 ἦ
2301 3202 2311 3213 .

454 3230 708 3284 Suprema
727 3242 792 3273 ex
810 3230 975 3274 tribus
993 3230 1046 3272 in
1066 3231 1271 3273 ceruice
1292 3229 1344 3287 Ω
1366 3232 1416 3272 et
1436 3240 1530 3272 cor
1550 3229 1603 3286 Ω
1624 3240 1686 3272 ac
1708 3227 1745 3288 ἦ
1764 3229 2028 3272 faciebant
2048 3229 2293 3283 angulum
2317 3227 2427 3271 fere
2449 3238 2556 3271 rec-

399 3291 528 3340 tum,
550 3291 661 3331 erat
678 3291 857 3332 tamen
880 3290 1036 3342 paulo
1056 3288 1227 3331 maior
1246 3288 1480 3331 distantia
1498 3285 1535 3346 b
1552 3291 1603 3330 et
1622 3287 1795 3331 cordis
1815 3299 1974 3341 quam
2002 3287 2256 3341 supremae
2281 3286 2333 3329 in
2353 3286 2557 3330 ceruice

461 3384 472 3408 ¹
495 3388 536 3418 In
551 3387 713 3427 margine
728 3387 946 3427 adscriptum
960 3387 1022 3418 est:
1036 3387 1248 3426 »Virginis«,
1262 3385 1356 3418 recte
1370 3386 1532 3426 quidem.
