<?xml version="1.0" encoding="UTF-8"?>
<!DOCTYPE html PUBLIC "-//W3C//DTD XHTML 1.0 Transitional//EN"
    "http://www.w3.org/TR/xhtml1/DTD/xhtml1-transitional.dtd">
<html xmlns="http://www.w3.org/1999/xhtml" xml:lang="en" lang="en">
 <head>
  <title>
</title>
<meta http-equiv="Content-Type" content="text/html;charset=utf-8" />
  <meta name='ocr-system' content='tesseract 3.04.00' />
  <meta name='ocr-capabilities' content='ocr_page ocr_carea ocr_par ocr_line ocrx_word'/>
</head>
<body>
  <div class='ocr_page' id='page_1' title='image "./operaomniaedidit10brahuoft/operaomniaedidit10brahuoft_0038.png"; bbox 0 0 2690 4178; ppageno 0'>
   <div class='ocr_carea' id='block_1_1' title="bbox 364 341 1978 397">
    <p class='ocr_par' dir='ltr' id='par_1_1' title="bbox 364 341 1978 397">
     <span class='ocr_line' id='line_1_1' title="bbox 364 341 1978 397; baseline -0.001 0"><span class='ocrx_word' id='word_1_1' title='bbox 364 345 555 397; x_wconf 92' lang='lat' dir='ltr'>XXIV</span> <span class='ocrx_word' id='word_1_2' title='bbox 900 343 1555 396; x_wconf 89' lang='lat' dir='ltr'><strong>PROLEGOMENA</strong></span> <span class='ocrx_word' id='word_1_3' title='bbox 1581 341 1978 395; x_wconf 92' lang='lat' dir='ltr'><strong>EDITORIS</strong></span> 
     </span>
    </p>
   </div>
   <div class='ocr_carea' id='block_1_2' title="bbox 363 478 2513 605">
    <p class='ocr_par' dir='ltr' id='par_1_2' title="bbox 363 478 2513 605">
     <span class='ocr_line' id='line_1_2' title="bbox 363 478 2513 537; baseline -0.002 -11"><span class='ocrx_word' id='word_1_4' title='bbox 363 496 411 537; x_wconf 93' lang='lat' dir='ltr'><strong>p.</strong></span> <span class='ocrx_word' id='word_1_5' title='bbox 433 483 504 525; x_wconf 90' lang='lat'><strong>30.</strong></span> <span class='ocrx_word' id='word_1_6' title='bbox 526 483 747 536; x_wconf 89' lang='lat' dir='ltr'><strong>Implent</strong></span> <span class='ocrx_word' id='word_1_7' title='bbox 767 481 1157 524; x_wconf 89' lang='lat' dir='ltr'><strong>observationes</strong></span> <span class='ocrx_word' id='word_1_8' title='bbox 1176 492 1259 534; x_wconf 90' lang='lat' dir='ltr'><strong>pp.</strong></span> <span class='ocrx_word' id='word_1_9' title='bbox 1282 479 1476 531; x_wconf 86' lang='lat'>31—39;</span> <span class='ocrx_word' id='word_1_10' title='bbox 1496 482 1654 522; x_wconf 91' lang='lat' dir='ltr'><strong>vacat</strong></span> <span class='ocrx_word' id='word_1_11' title='bbox 1672 490 1720 533; x_wconf 90' lang='lat' dir='ltr'><strong>p.</strong></span> <span class='ocrx_word' id='word_1_12' title='bbox 1741 478 1813 522; x_wconf 93' lang='grc'><strong>40.</strong></span> <span class='ocrx_word' id='word_1_13' title='bbox 1842 479 1980 521; x_wconf 82' lang='lat' dir='ltr'><strong>Inter</strong></span> <span class='ocrx_word' id='word_1_14' title='bbox 1998 478 2095 521; x_wconf 89' lang='lat' dir='ltr'><strong>has</strong></span> <span class='ocrx_word' id='word_1_15' title='bbox 2113 479 2238 521; x_wconf 89' lang='lat' dir='ltr'><strong>nihil</strong></span> <span class='ocrx_word' id='word_1_16' title='bbox 2257 479 2513 523; x_wconf 89' lang='lat' dir='ltr'><strong>invenitur</strong></span> 
     </span>
     <span class='ocr_line' id='line_1_3' title="bbox 365 551 815 605; baseline -0.002 -11"><span class='ocrx_word' id='word_1_17' title='bbox 365 564 524 594; x_wconf 90' lang='lat' dir='ltr'><strong>manu</strong></span> <span class='ocrx_word' id='word_1_18' title='bbox 543 551 815 605; x_wconf 89' lang='lat' dir='ltr'><strong>Tychonis.</strong></span> 
     </span>
    </p>
   </div>
   <div class='ocr_carea' id='block_1_3' title="bbox 582 698 2303 821">
    <p class='ocr_par' dir='ltr' id='par_1_3' title="bbox 582 698 2303 821">
     <span class='ocr_line' id='line_1_4' title="bbox 582 698 2303 754; baseline -0.002 -10"><span class='ocrx_word' id='word_1_19' title='bbox 582 702 800 744; x_wconf 92' lang='lat' dir='ltr'>CODEX</span> <span class='ocrx_word' id='word_1_20' title='bbox 821 701 860 742; x_wconf 91' lang='lat' dir='ltr'>P</span> <span class='ocrx_word' id='word_1_21' title='bbox 881 721 934 736; x_wconf 89' lang='lat'>=</span> <span class='ocrx_word' id='word_1_22' title='bbox 954 701 1069 742; x_wconf 86' lang='lat' dir='ltr'><strong>Ant.</strong></span> <span class='ocrx_word' id='word_1_23' title='bbox 1092 701 1213 742; x_wconf 87' lang='lat' dir='ltr'><strong>Coll.</strong></span> <span class='ocrx_word' id='word_1_24' title='bbox 1237 701 1349 754; x_wconf 88' lang='lat' dir='ltr'><strong>Reg.</strong></span> <span class='ocrx_word' id='word_1_25' title='bbox 1376 699 1484 741; x_wconf 88' lang='lat'>1827</span> <span class='ocrx_word' id='word_1_26' title='bbox 1503 700 1556 741; x_wconf 93' lang='lat' dir='ltr'><strong>in</strong></span> <span class='ocrx_word' id='word_1_27' title='bbox 1573 698 1643 750; x_wconf 84' lang='lat'><strong>4⁰,</strong></span> <span class='ocrx_word' id='word_1_28' title='bbox 1666 698 1894 741; x_wconf 91' lang='lat' dir='ltr'><strong>continet</strong></span> <span class='ocrx_word' id='word_1_29' title='bbox 1913 698 2303 741; x_wconf 90' lang='lat' dir='ltr'><strong>observationes</strong></span> 
     </span>
     <span class='ocr_line' id='line_1_5' title="bbox 947 767 1927 821; baseline -0.002 -9"><span class='ocrx_word' id='word_1_30' title='bbox 947 770 1181 812; x_wconf 90' lang='lat' dir='ltr'><strong>omnium</strong></span> <span class='ocrx_word' id='word_1_31' title='bbox 1202 771 1528 811; x_wconf 88' lang='lat' dir='ltr'><strong>cometarum</strong></span> <span class='ocrx_word' id='word_1_32' title='bbox 1546 767 1927 821; x_wconf 88' lang='lat' dir='ltr'><strong>transscriptas.</strong></span> 
     </span>
    </p>
   </div>
   <div class='ocr_carea' id='block_1_4' title="bbox 362 848 2513 1114">
    <p class='ocr_par' dir='ltr' id='par_1_4' title="bbox 362 848 2513 1114">
     <span class='ocr_line' id='line_1_6' title="bbox 433 848 2513 903; baseline -0.001 -8"><span class='ocrx_word' id='word_1_33' title='bbox 433 854 708 895; x_wconf 91' lang='lat' dir='ltr'><strong>Involucro</strong></span> <span class='ocrx_word' id='word_1_34' title='bbox 737 852 1023 894; x_wconf 82' lang='lat' dir='ltr'><strong>recentiore</strong></span> <span class='ocrx_word' id='word_1_35' title='bbox 1048 851 1261 893; x_wconf 91' lang='lat' dir='ltr'><strong>vestitus</strong></span> <span class='ocrx_word' id='word_1_36' title='bbox 1288 853 1377 892; x_wconf 87' lang='lat' dir='ltr'><strong>est.</strong></span> <span class='ocrx_word' id='word_1_37' title='bbox 1410 849 1549 891; x_wconf 89' lang='lat' dir='ltr'><strong>Folia</strong></span> <span class='ocrx_word' id='word_1_38' title='bbox 1574 849 1804 892; x_wconf 88' lang='lat' dir='ltr'><strong>continet</strong></span> <span class='ocrx_word' id='word_1_39' title='bbox 1832 848 1913 891; x_wconf 90' lang='lat'><strong>143</strong></span> <span class='ocrx_word' id='word_1_40' title='bbox 1938 851 2130 902; x_wconf 87' lang='lat' dir='ltr'><strong>praeter</strong></span> <span class='ocrx_word' id='word_1_41' title='bbox 2153 848 2406 891; x_wconf 85' lang='lat' dir='ltr'><strong>schedam</strong></span> <span class='ocrx_word' id='word_1_42' title='bbox 2432 861 2513 903; x_wconf 89' lang='lat' dir='ltr'><strong>ag-</strong></span> 
     </span>
     <span class='ocr_line' id='line_1_7' title="bbox 364 917 2513 977; baseline -0.001 -13"><span class='ocrx_word' id='word_1_43' title='bbox 364 923 666 977; x_wconf 83' lang='lat' dir='ltr'><strong>glutinatam</strong></span> <span class='ocrx_word' id='word_1_44' title='bbox 690 921 927 963; x_wconf 85' lang='lat' dir='ltr'><strong>»Thadaei</strong></span> <span class='ocrx_word' id='word_1_45' title='bbox 946 920 1449 962; x_wconf 88' lang='lat' dir='ltr'><strong>animaduersiones«</strong></span> <span class='ocrx_word' id='word_1_46' title='bbox 1472 919 1559 974; x_wconf 89' lang='lat' dir='ltr'><strong>(ad</strong></span> <span class='ocrx_word' id='word_1_47' title='bbox 1579 929 1715 961; x_wconf 89' lang='lat' dir='ltr'><strong>com.</strong></span> <span class='ocrx_word' id='word_1_48' title='bbox 1738 930 1783 960; x_wconf 92' lang='lat' dir='ltr'><strong>a.</strong></span> <span class='ocrx_word' id='word_1_49' title='bbox 1810 917 1938 974; x_wconf 91' lang='grc'>1580)</span> <span class='ocrx_word' id='word_1_50' title='bbox 1957 918 2303 961; x_wconf 87' lang='lat' dir='ltr'><strong>exhibentem.</strong></span> <span class='ocrx_word' id='word_1_51' title='bbox 2331 918 2409 961; x_wconf 84' lang='lat' dir='ltr'><strong>Ab</strong></span> <span class='ocrx_word' id='word_1_52' title='bbox 2431 930 2513 961; x_wconf 91' lang='lat' dir='ltr'><strong>eo-</strong></span> 
     </span>
     <span class='ocr_line' id='line_1_8' title="bbox 364 987 2513 1043; baseline -0.002 -9"><span class='ocrx_word' id='word_1_53' title='bbox 364 993 484 1034; x_wconf 91' lang='lat' dir='ltr'><strong>dem</strong></span> <span class='ocrx_word' id='word_1_54' title='bbox 509 992 719 1034; x_wconf 90' lang='lat' dir='ltr'><strong>librario</strong></span> <span class='ocrx_word' id='word_1_55' title='bbox 744 991 965 1043; x_wconf 87' lang='lat' dir='ltr'><strong>scriptus</strong></span> <span class='ocrx_word' id='word_1_56' title='bbox 992 1001 1106 1032; x_wconf 91' lang='lat' dir='ltr'><strong>esse</strong></span> <span class='ocrx_word' id='word_1_57' title='bbox 1130 990 1348 1039; x_wconf 89' lang='lat' dir='ltr'><strong>videtur,</strong></span> <span class='ocrx_word' id='word_1_58' title='bbox 1377 988 1464 1041; x_wconf 91' lang='lat' dir='ltr'><strong>qui</strong></span> <span class='ocrx_word' id='word_1_59' title='bbox 1489 989 1728 1030; x_wconf 89' lang='lat' dir='ltr'><strong>codicem</strong></span> <span class='ocrx_word' id='word_1_60' title='bbox 1749 988 1794 1029; x_wconf 83' lang='lat' dir='ltr'>A</span> <span class='ocrx_word' id='word_1_61' title='bbox 1819 987 2042 1041; x_wconf 91' lang='lat' dir='ltr'><strong>scripsit;</strong></span> <span class='ocrx_word' id='word_1_62' title='bbox 2069 990 2126 1029; x_wconf 93' lang='lat' dir='ltr'><strong>ut</strong></span> <span class='ocrx_word' id='word_1_63' title='bbox 2149 987 2202 1029; x_wconf 91' lang='lat' dir='ltr'><strong>in</strong></span> <span class='ocrx_word' id='word_1_64' title='bbox 2226 987 2328 1030; x_wconf 92' lang='lat' dir='ltr'><strong>hoc</strong></span> <span class='ocrx_word' id='word_1_65' title='bbox 2354 999 2513 1041; x_wconf 91' lang='lat' dir='ltr'><strong>supra</strong></span> 
     </span>
     <span class='ocr_line' id='line_1_9' title="bbox 362 1056 2512 1114; baseline -0.002 -10"><span class='ocrx_word' id='word_1_66' title='bbox 362 1071 787 1114; x_wconf 88' lang='lat' dir='ltr'><strong>unamquamque</strong></span> <span class='ocrx_word' id='word_1_67' title='bbox 806 1060 1048 1113; x_wconf 88' lang='lat' dir='ltr'><strong>paginam</strong></span> <span class='ocrx_word' id='word_1_68' title='bbox 1069 1058 1313 1112; x_wconf 89' lang='lat' dir='ltr'><strong>adscripti</strong></span> <span class='ocrx_word' id='word_1_69' title='bbox 1332 1061 1450 1100; x_wconf 89' lang='lat' dir='ltr'><strong>sunt</strong></span> <span class='ocrx_word' id='word_1_70' title='bbox 1471 1069 1636 1100; x_wconf 91' lang='lat' dir='ltr'><strong>annus</strong></span> <span class='ocrx_word' id='word_1_71' title='bbox 1651 1060 1702 1099; x_wconf 92' lang='lat' dir='ltr'><strong>et</strong></span> <span class='ocrx_word' id='word_1_72' title='bbox 1713 1058 1860 1100; x_wconf 93' lang='lat' dir='ltr'><strong>locus</strong></span> <span class='ocrx_word' id='word_1_73' title='bbox 1874 1056 2266 1099; x_wconf 88' lang='lat' dir='ltr'><strong>observationis.</strong></span> <span class='ocrx_word' id='word_1_74' title='bbox 2289 1057 2348 1099; x_wconf 90' lang='lat' dir='ltr'><strong>In</strong></span> <span class='ocrx_word' id='word_1_75' title='bbox 2365 1057 2512 1100; x_wconf 90' lang='lat' dir='ltr'><strong>titulo</strong></span> 
     </span>
    </p>
   </div>
   <div class='ocr_carea' id='block_1_5' title="bbox 361 1131 1698 1228">
    <p class='ocr_par' dir='ltr' id='par_1_5' title="bbox 361 1131 1698 1228">
     <span class='ocr_line' id='line_1_10' title="bbox 361 1131 751 1184; baseline 0.003 -12"><span class='ocrx_word' id='word_1_76' title='bbox 361 1131 478 1173; x_wconf 85' lang='lat' dir='ltr'><strong>haec</strong></span> <span class='ocrx_word' id='word_1_77' title='bbox 498 1132 751 1184; x_wconf 87' lang='lat' dir='ltr'><strong>leguntur:</strong></span> 
     </span>
     <span class='ocr_line' id='line_1_11' title="bbox 1176 1184 1698 1228; baseline -0.004 0"><span class='ocrx_word' id='word_1_78' title='bbox 1176 1184 1698 1228; x_wconf 83' lang='lat' dir='ltr'><strong>OBSERVATIONES</strong></span> 
     </span>
    </p>
   </div>
   <div class='ocr_carea' id='block_1_6' title="bbox 1205 1242 1666 1355">
    <p class='ocr_par' dir='ltr' id='par_1_6' title="bbox 1205 1242 1666 1355">
     <span class='ocr_line' id='line_1_12' title="bbox 1205 1242 1666 1286; baseline -0.002 -1"><span class='ocrx_word' id='word_1_79' title='bbox 1205 1242 1618 1286; x_wconf 91' lang='lat' dir='ltr'><strong>COMETARUM</strong></span> <span class='ocrx_word' id='word_1_80' title='bbox 1640 1243 1666 1284; x_wconf 95' lang='lat'>7</span> 
     </span>
     <span class='ocr_line' id='line_1_13' title="bbox 1249 1301 1623 1355; baseline -0.003 -12"><span class='ocrx_word' id='word_1_81' title='bbox 1249 1301 1623 1355; x_wconf 87' lang='lat' dir='ltr'><strong>Apparentium</strong></span> 
     </span>
    </p>
   </div>
   <div class='ocr_carea' id='block_1_7' title="bbox 1297 1359 1574 1460">
    <p class='ocr_par' dir='ltr' id='par_1_7' title="bbox 1297 1359 1574 1460">
     <span class='ocr_line' id='line_1_14' title="bbox 1331 1359 1542 1401; baseline 0 0"><span class='ocrx_word' id='word_1_82' title='bbox 1331 1359 1490 1401; x_wconf 86' lang='lat' dir='ltr'><strong>Annis</strong></span> <span class='ocrx_word' id='word_1_83' title='bbox 1511 1371 1542 1401; x_wconf 91' lang='lat' dir='ltr'><strong>a</strong></span> 
     </span>
     <span class='ocr_line' id='line_1_15' title="bbox 1297 1417 1574 1460; baseline 0.004 -1"><span class='ocrx_word' id='word_1_84' title='bbox 1297 1417 1574 1460; x_wconf 90' lang='lat' dir='ltr'>CHRISTO</span> 
     </span>
    </p>
   </div>
   <div class='ocr_carea' id='block_1_8' title="bbox 1341 1487 1527 1877">
    <p class='ocr_par' dir='ltr' id='par_1_8' title="bbox 1341 1487 1527 1877">
     <span class='ocr_line' id='line_1_16' title="bbox 1347 1487 1526 1529; baseline 0.006 -1"><span class='ocrx_word' id='word_1_85' title='bbox 1347 1488 1364 1528; x_wconf 96' lang='lat' dir='ltr'>l</span> <span class='ocrx_word' id='word_1_86' title='bbox 1416 1487 1526 1529; x_wconf 89' lang='lat'>1577</span> 
     </span>
     <span class='ocr_line' id='line_1_17' title="bbox 1342 1544 1527 1587; baseline 0 0"><span class='ocrx_word' id='word_1_87' title='bbox 1342 1545 1370 1587; x_wconf 87' lang='lat'><em>2</em></span> <span class='ocrx_word' id='word_1_88' title='bbox 1416 1544 1527 1587; x_wconf 89' lang='grc'>1580</span> 
     </span>
     <span class='ocr_line' id='line_1_18' title="bbox 1341 1603 1527 1646; baseline -0.005 0"><span class='ocrx_word' id='word_1_89' title='bbox 1341 1603 1369 1646; x_wconf 91' lang='grc'>3</span> <span class='ocrx_word' id='word_1_90' title='bbox 1417 1603 1527 1645; x_wconf 85' lang='grc'>1582</span> 
     </span>
     <span class='ocr_line' id='line_1_19' title="bbox 1341 1661 1526 1703; baseline 0 0"><span class='ocrx_word' id='word_1_91' title='bbox 1341 1661 1370 1703; x_wconf 88' lang='lat'>4</span> <span class='ocrx_word' id='word_1_92' title='bbox 1416 1661 1526 1703; x_wconf 88' lang='grc'>1585</span> 
     </span>
     <span class='ocr_line' id='line_1_20' title="bbox 1341 1719 1527 1762; baseline 0 -1"><span class='ocrx_word' id='word_1_93' title='bbox 1341 1720 1368 1761; x_wconf 90' lang='grc'>5</span> <span class='ocrx_word' id='word_1_94' title='bbox 1416 1719 1527 1762; x_wconf 87' lang='grc'>1590</span> 
     </span>
     <span class='ocr_line' id='line_1_21' title="bbox 1341 1777 1526 1820; baseline -0.005 0"><span class='ocrx_word' id='word_1_95' title='bbox 1341 1777 1370 1820; x_wconf 84' lang='grc'>6</span> <span class='ocrx_word' id='word_1_96' title='bbox 1416 1777 1526 1819; x_wconf 85' lang='grc'>1593</span> 
     </span>
     <span class='ocr_line' id='line_1_22' title="bbox 1342 1835 1526 1877; baseline 0 0"><span class='ocrx_word' id='word_1_97' title='bbox 1342 1836 1368 1877; x_wconf 93' lang='lat'>7</span> <span class='ocrx_word' id='word_1_98' title='bbox 1416 1835 1526 1877; x_wconf 88' lang='lat'>1596</span> 
     </span>
    </p>
   </div>
   <div class='ocr_carea' id='block_1_9' title="bbox 799 1903 2072 2017">
    <p class='ocr_par' dir='ltr' id='par_1_9' title="bbox 799 1903 2072 2017">
     <span class='ocr_line' id='line_1_23' title="bbox 799 1903 2072 1959; baseline 0.002 -13"><span class='ocrx_word' id='word_1_99' title='bbox 799 1904 1001 1947; x_wconf 83' lang='lat' dir='ltr'><strong>Huenae</strong></span> <span class='ocrx_word' id='word_1_100' title='bbox 1022 1904 1206 1947; x_wconf 86' lang='lat' dir='ltr'><strong>Daniae</strong></span> <span class='ocrx_word' id='word_1_101' title='bbox 1226 1905 1314 1948; x_wconf 91' lang='lat' dir='ltr'><strong>ubi</strong></span> <span class='ocrx_word' id='word_1_102' title='bbox 1332 1906 1483 1959; x_wconf 92' lang='lat' dir='ltr'><strong>polus</strong></span> <span class='ocrx_word' id='word_1_103' title='bbox 1502 1906 1736 1947; x_wconf 85' lang='lat' dir='ltr'><strong>elevatur</strong></span> <span class='ocrx_word' id='word_1_104' title='bbox 1753 1916 1801 1958; x_wconf 90' lang='lat' dir='ltr'><strong>p.</strong></span> <span class='ocrx_word' id='word_1_105' title='bbox 1822 1905 1880 1945; x_wconf 92' lang='grc'><strong>55</strong></span> <span class='ocrx_word' id='word_1_106' title='bbox 1901 1904 1970 1947; x_wconf 89' lang='grc' dir='ltr'><strong>Μ.</strong></span> <span class='ocrx_word' id='word_1_107' title='bbox 1992 1903 2072 1949; x_wconf 60' lang='grc' dir='ltr'><strong>54ὲ</strong></span> 
     </span>
     <span class='ocr_line' id='line_1_24' title="bbox 1203 1963 2028 2017; baseline 0.001 -12"><span class='ocrx_word' id='word_1_108' title='bbox 1203 1963 1493 2017; x_wconf 87' lang='lat' dir='ltr'><strong>Longitudo</strong></span> <span class='ocrx_word' id='word_1_109' title='bbox 1514 1965 1591 2006; x_wconf 89' lang='lat' dir='ltr'><strong>est</strong></span> <span class='ocrx_word' id='word_1_110' title='bbox 1609 1963 1665 2005; x_wconf 90' lang='lat'><strong>37</strong></span> <span class='ocrx_word' id='word_1_111' title='bbox 2026 2004 2028 2006; x_wconf 83' lang='grc'><em>,</em></span> 
     </span>
    </p>
   </div>
   <div class='ocr_carea' id='block_1_10' title="bbox 1407 2031 1462 2091">
    <p class='ocr_par' dir='ltr' id='par_1_10' title="bbox 1407 2031 1462 2091">
     <span class='ocr_line' id='line_1_25' title="bbox 1407 2031 1462 2091; baseline 0 -5"><span class='ocrx_word' id='word_1_112' title='bbox 1407 2031 1462 2091; x_wconf 79' lang='grc' dir='ltr'><strong>’Β</strong></span> 
     </span>
    </p>
   </div>
   <div class='ocr_carea' id='block_1_11' title="bbox 1279 2113 1588 2167">
    <p class='ocr_par' dir='ltr' id='par_1_11' title="bbox 1279 2113 1588 2167">
     <span class='ocr_line' id='line_1_26' title="bbox 1279 2113 1588 2167; baseline -0.003 -11"><span class='ocrx_word' id='word_1_113' title='bbox 1279 2113 1588 2167; x_wconf 89' lang='lat' dir='ltr'><strong>Vraniburgi</strong></span> 
     </span>
    </p>
   </div>
   <div class='ocr_carea' id='block_1_12' title="bbox 784 2263 2081 2389">
    <p class='ocr_par' dir='ltr' id='par_1_12' title="bbox 784 2263 2081 2389">
     <span class='ocr_line' id='line_1_27' title="bbox 954 2263 1913 2307; baseline 0.001 -1"><span class='ocrx_word' id='word_1_114' title='bbox 954 2264 1015 2306; x_wconf 91' lang='lat'><strong>11.</strong></span> <span class='ocrx_word' id='word_1_115' title='bbox 1045 2264 1318 2307; x_wconf 90' lang='lat' dir='ltr'>CODICES</span> <span class='ocrx_word' id='word_1_116' title='bbox 1343 2263 1913 2307; x_wconf 87' lang='lat' dir='ltr'><strong>VINDOBONENSES.</strong></span> 
     </span>
     <span class='ocr_line' id='line_1_28' title="bbox 784 2344 2081 2389; baseline 0.001 -3"><span class='ocrx_word' id='word_1_117' title='bbox 784 2344 1005 2387; x_wconf 92' lang='lat' dir='ltr'>CODEX</span> <span class='ocrx_word' id='word_1_118' title='bbox 1024 2344 1067 2387; x_wconf 96' lang='lat' dir='ltr'>V</span> <span class='ocrx_word' id='word_1_119' title='bbox 1087 2366 1141 2381; x_wconf 91' lang='lat'><strong><em>=</em></strong></span> <span class='ocrx_word' id='word_1_120' title='bbox 1161 2346 1591 2389; x_wconf 90' lang='lat' dir='ltr'><strong>Vindobonenses</strong></span> <span class='ocrx_word' id='word_1_121' title='bbox 1610 2347 1696 2388; x_wconf 91' lang='lat' dir='ltr'><strong>lat.</strong></span> <span class='ocrx_word' id='word_1_122' title='bbox 1723 2344 2081 2388; x_wconf 82' lang='lat'><strong>10657—10675.</strong></span> 
     </span>
    </p>
   </div>
   <div class='ocr_carea' id='block_1_13' title="bbox 349 2425 2514 3389">
    <p class='ocr_par' dir='ltr' id='par_1_13' title="bbox 352 2425 2514 3106">
     <span class='ocr_line' id='line_1_29' title="bbox 428 2425 2505 2480; baseline 0.001 -13"><span class='ocrx_word' id='word_1_123' title='bbox 428 2426 480 2468; x_wconf 90' lang='lat'><strong>19</strong></span> <span class='ocrx_word' id='word_1_124' title='bbox 498 2426 630 2468; x_wconf 92' lang='lat' dir='ltr'><strong>tomi</strong></span> <span class='ocrx_word' id='word_1_125' title='bbox 648 2429 766 2468; x_wconf 90' lang='lat' dir='ltr'><strong>sunt</strong></span> <span class='ocrx_word' id='word_1_126' title='bbox 785 2426 838 2468; x_wconf 91' lang='lat' dir='ltr'><strong>in</strong></span> <span class='ocrx_word' id='word_1_127' title='bbox 856 2426 925 2478; x_wconf 83' lang='lat'><strong>4⁰,</strong></span> <span class='ocrx_word' id='word_1_128' title='bbox 954 2427 1040 2480; x_wconf 93' lang='lat' dir='ltr'><strong>qui</strong></span> <span class='ocrx_word' id='word_1_129' title='bbox 1060 2427 1452 2470; x_wconf 84' lang='lat' dir='ltr'><strong>observationes</strong></span> <span class='ocrx_word' id='word_1_130' title='bbox 1473 2438 1732 2470; x_wconf 90' lang='lat' dir='ltr'><strong>annorum</strong></span> <span class='ocrx_word' id='word_1_131' title='bbox 1757 2425 2088 2470; x_wconf 79' lang='lat'>1582—1592</span> <span class='ocrx_word' id='word_1_132' title='bbox 2108 2429 2159 2469; x_wconf 94' lang='lat' dir='ltr'><strong>et</strong></span> <span class='ocrx_word' id='word_1_133' title='bbox 2182 2425 2505 2470; x_wconf 79' lang='lat'>1594—1601</span> 
     </span>
     <span class='ocr_line' id='line_1_30' title="bbox 354 2496 2511 2552; baseline 0.002 -15"><span class='ocrx_word' id='word_1_134' title='bbox 354 2496 511 2538; x_wconf 90' lang='lat' dir='ltr'><strong>nitide</strong></span> <span class='ocrx_word' id='word_1_135' title='bbox 523 2496 888 2550; x_wconf 86' lang='lat' dir='ltr'><strong>transscriptas</strong></span> <span class='ocrx_word' id='word_1_136' title='bbox 903 2496 1181 2548; x_wconf 91' lang='lat' dir='ltr'><strong>continent,</strong></span> <span class='ocrx_word' id='word_1_137' title='bbox 1197 2498 1487 2540; x_wconf 89' lang='lat' dir='ltr'><strong>secundum</strong></span> <span class='ocrx_word' id='word_1_138' title='bbox 1502 2500 1809 2552; x_wconf 89' lang='lat' dir='ltr'><strong>argumenta</strong></span> <span class='ocrx_word' id='word_1_139' title='bbox 1823 2496 2142 2540; x_wconf 89' lang='lat' dir='ltr'><strong>distributas:</strong></span> <span class='ocrx_word' id='word_1_140' title='bbox 2164 2496 2312 2549; x_wconf 90' lang='lat' dir='ltr'><strong>Solis,</strong></span> <span class='ocrx_word' id='word_1_141' title='bbox 2331 2498 2511 2549; x_wconf 87' lang='lat' dir='ltr'><strong>Lunae,</strong></span> 
     </span>
     <span class='ocr_line' id='line_1_31' title="bbox 355 2566 2514 2622; baseline 0.002 -15"><span class='ocrx_word' id='word_1_142' title='bbox 355 2566 699 2619; x_wconf 87' lang='lat' dir='ltr'><strong>planetarum,</strong></span> <span class='ocrx_word' id='word_1_143' title='bbox 726 2567 992 2608; x_wconf 87' lang='lat' dir='ltr'><strong>stellarum</strong></span> <span class='ocrx_word' id='word_1_144' title='bbox 1018 2567 1259 2618; x_wconf 85' lang='lat' dir='ltr'><strong>fixarum,</strong></span> <span class='ocrx_word' id='word_1_145' title='bbox 1289 2579 1444 2621; x_wconf 92' lang='lat' dir='ltr'><strong>quem</strong></span> <span class='ocrx_word' id='word_1_146' title='bbox 1470 2567 1709 2611; x_wconf 89' lang='lat' dir='ltr'><strong>ordinem</strong></span> <span class='ocrx_word' id='word_1_147' title='bbox 1734 2569 1913 2609; x_wconf 90' lang='lat' dir='ltr'><strong>nostra</strong></span> <span class='ocrx_word' id='word_1_148' title='bbox 1939 2578 2146 2620; x_wconf 91' lang='lat' dir='ltr'><strong>quoque</strong></span> <span class='ocrx_word' id='word_1_149' title='bbox 2171 2567 2326 2611; x_wconf 84' lang='lat' dir='ltr'><strong>editio</strong></span> <span class='ocrx_word' id='word_1_150' title='bbox 2349 2568 2514 2622; x_wconf 87' lang='lat' dir='ltr'><strong>sequi-</strong></span> 
     </span>
     <span class='ocr_line' id='line_1_32' title="bbox 353 2634 2512 2694; baseline 0.002 -18"><span class='ocrx_word' id='word_1_151' title='bbox 353 2638 451 2676; x_wconf 87' lang='lat' dir='ltr'><strong>tur.</strong></span> <span class='ocrx_word' id='word_1_152' title='bbox 474 2635 552 2677; x_wconf 93' lang='lat' dir='ltr'><strong>De</strong></span> <span class='ocrx_word' id='word_1_153' title='bbox 571 2635 651 2677; x_wconf 91' lang='lat' dir='ltr'><strong>his</strong></span> <span class='ocrx_word' id='word_1_154' title='bbox 671 2634 811 2678; x_wconf 91' lang='lat' dir='ltr'><strong>libris</strong></span> <span class='ocrx_word' id='word_1_155' title='bbox 831 2636 1057 2689; x_wconf 91' lang='lat' dir='ltr'><strong>loquitur</strong></span> <span class='ocrx_word' id='word_1_156' title='bbox 1074 2637 1184 2690; x_wconf 92' lang='lat' dir='ltr'><strong>ipse</strong></span> <span class='ocrx_word' id='word_1_157' title='bbox 1196 2637 1376 2690; x_wconf 86' lang='lat' dir='ltr'><strong>Tycho</strong></span> <span class='ocrx_word' id='word_1_158' title='bbox 1390 2637 1442 2679; x_wconf 91' lang='lat' dir='ltr'><strong>in</strong></span> <span class='ocrx_word' id='word_1_159' title='bbox 1455 2635 1799 2679; x_wconf 81' lang='lat' dir='ltr'><strong>Mechanicis</strong></span> <span class='ocrx_word' id='word_1_160' title='bbox 1817 2636 1937 2693; x_wconf 90' lang='lat' dir='ltr'><strong>(vid.</strong></span> <span class='ocrx_word' id='word_1_161' title='bbox 1953 2648 2112 2690; x_wconf 90' lang='lat' dir='ltr'><strong>supra</strong></span> <span class='ocrx_word' id='word_1_162' title='bbox 2126 2648 2174 2691; x_wconf 88' lang='lat' dir='ltr'><strong>p.</strong></span> <span class='ocrx_word' id='word_1_163' title='bbox 2191 2636 2293 2694; x_wconf 92' lang='grc' dir='ltr'>ΙΙΙ).</span> <span class='ocrx_word' id='word_1_164' title='bbox 2316 2637 2512 2681; x_wconf 85' lang='lat' dir='ltr'><strong>Omnes</strong></span> 
     </span>
     <span class='ocr_line' id='line_1_33' title="bbox 352 2704 2514 2760; baseline 0.002 -14"><span class='ocrx_word' id='word_1_165' title='bbox 352 2704 483 2746; x_wconf 89' lang='lat' dir='ltr'><strong>tomi</strong></span> <span class='ocrx_word' id='word_1_166' title='bbox 502 2705 671 2747; x_wconf 88' lang='lat' dir='ltr'><strong>vestiti</strong></span> <span class='ocrx_word' id='word_1_167' title='bbox 690 2709 810 2747; x_wconf 89' lang='lat' dir='ltr'><strong>sunt</strong></span> <span class='ocrx_word' id='word_1_168' title='bbox 827 2705 1108 2748; x_wconf 91' lang='lat' dir='ltr'><strong>involucris</strong></span> <span class='ocrx_word' id='word_1_169' title='bbox 1127 2706 1545 2749; x_wconf 89' lang='lat' dir='ltr'><strong>membranaceis</strong></span> <span class='ocrx_word' id='word_1_170' title='bbox 1565 2706 1817 2749; x_wconf 90' lang='lat' dir='ltr'><strong>similibus</strong></span> <span class='ocrx_word' id='word_1_171' title='bbox 1836 2706 1968 2749; x_wconf 91' lang='lat' dir='ltr'><strong>inter</strong></span> <span class='ocrx_word' id='word_1_172' title='bbox 1983 2717 2055 2758; x_wconf 91' lang='lat' dir='ltr'><strong>se,</strong></span> <span class='ocrx_word' id='word_1_173' title='bbox 2078 2718 2197 2760; x_wconf 86' lang='lat' dir='ltr'><strong>quae</strong></span> <span class='ocrx_word' id='word_1_174' title='bbox 2212 2707 2416 2750; x_wconf 90' lang='lat' dir='ltr'><strong>duobus</strong></span> <span class='ocrx_word' id='word_1_175' title='bbox 2429 2718 2514 2750; x_wconf 85' lang='lat' dir='ltr'><strong>ex-</strong></span> 
     </span>
     <span class='ocr_line' id='line_1_34' title="bbox 354 2774 2513 2828; baseline 0.002 -13"><span class='ocrx_word' id='word_1_176' title='bbox 354 2774 531 2827; x_wconf 89' lang='lat' dir='ltr'><strong>ceptis,</strong></span> <span class='ocrx_word' id='word_1_177' title='bbox 570 2774 657 2827; x_wconf 90' lang='lat' dir='ltr'><strong>qui</strong></span> <span class='ocrx_word' id='word_1_178' title='bbox 688 2775 1079 2818; x_wconf 90' lang='lat' dir='ltr'><strong>observationes</strong></span> <span class='ocrx_word' id='word_1_179' title='bbox 1111 2776 1376 2819; x_wconf 89' lang='lat' dir='ltr'><strong>continent</strong></span> <span class='ocrx_word' id='word_1_180' title='bbox 1407 2788 1666 2820; x_wconf 89' lang='lat' dir='ltr'><strong>annorum</strong></span> <span class='ocrx_word' id='word_1_181' title='bbox 1701 2776 1944 2828; x_wconf 86' lang='lat'>1595—96,</span> <span class='ocrx_word' id='word_1_182' title='bbox 1981 2776 2034 2818; x_wconf 92' lang='lat' dir='ltr'><strong>in</strong></span> <span class='ocrx_word' id='word_1_183' title='bbox 2067 2775 2237 2820; x_wconf 89' lang='lat' dir='ltr'><strong>fronte</strong></span> <span class='ocrx_word' id='word_1_184' title='bbox 2268 2776 2513 2820; x_wconf 84' lang='lat' dir='ltr'><strong>exhibent</strong></span> 
     </span>
     <span class='ocr_line' id='line_1_35' title="bbox 353 2842 2512 2902; baseline 0.002 -17"><span class='ocrx_word' id='word_1_185' title='bbox 353 2842 578 2897; x_wconf 87' lang='lat' dir='ltr'><strong>effigiem</strong></span> <span class='ocrx_word' id='word_1_186' title='bbox 597 2844 872 2897; x_wconf 87' lang='lat' dir='ltr'><strong>Tychonis,</strong></span> <span class='ocrx_word' id='word_1_187' title='bbox 899 2844 952 2887; x_wconf 91' lang='lat' dir='ltr'><strong>in</strong></span> <span class='ocrx_word' id='word_1_188' title='bbox 976 2848 1119 2899; x_wconf 87' lang='lat' dir='ltr'><strong>tergo</strong></span> <span class='ocrx_word' id='word_1_189' title='bbox 1147 2857 1297 2888; x_wconf 88' lang='lat' dir='ltr'><strong>arma</strong></span> <span class='ocrx_word' id='word_1_190' title='bbox 1322 2847 1556 2901; x_wconf 89' lang='lat' dir='ltr'><strong>ejusdem</strong></span> <span class='ocrx_word' id='word_1_191' title='bbox 1581 2846 1655 2902; x_wconf 93' lang='lat' dir='ltr'><strong>(ut</strong></span> <span class='ocrx_word' id='word_1_192' title='bbox 1679 2846 1731 2888; x_wconf 90' lang='lat' dir='ltr'><strong>in</strong></span> <span class='ocrx_word' id='word_1_193' title='bbox 1757 2845 1939 2889; x_wconf 92' lang='lat' dir='ltr'><strong>codice</strong></span> <span class='ocrx_word' id='word_1_194' title='bbox 1959 2846 2035 2902; x_wconf 93' lang='lat' dir='ltr'><strong>B);</strong></span> <span class='ocrx_word' id='word_1_195' title='bbox 2062 2846 2114 2888; x_wconf 90' lang='lat' dir='ltr'><strong>in</strong></span> <span class='ocrx_word' id='word_1_196' title='bbox 2139 2845 2512 2900; x_wconf 90' lang='lat' dir='ltr'><strong>posterioribus</strong></span> 
     </span>
     <span class='ocr_line' id='line_1_36' title="bbox 354 2912 2512 2970; baseline 0.002 -15"><span class='ocrx_word' id='word_1_197' title='bbox 354 2912 579 2966; x_wconf 91' lang='lat' dir='ltr'><strong>quinque</strong></span> <span class='ocrx_word' id='word_1_198' title='bbox 606 2913 763 2956; x_wconf 86' lang='lat' dir='ltr'><strong>tomis</strong></span> <span class='ocrx_word' id='word_1_199' title='bbox 794 2914 911 2957; x_wconf 88' lang='lat' dir='ltr'><strong>haec</strong></span> <span class='ocrx_word' id='word_1_200' title='bbox 944 2915 1176 2970; x_wconf 89' lang='lat' dir='ltr'><strong>ejusdem</strong></span> <span class='ocrx_word' id='word_1_201' title='bbox 1207 2916 1572 2970; x_wconf 84' lang='lat' dir='ltr'><strong>magnitudinis</strong></span> <span class='ocrx_word' id='word_1_202' title='bbox 1601 2919 1734 2966; x_wconf 90' lang='lat' dir='ltr'><strong>sunt,</strong></span> <span class='ocrx_word' id='word_1_203' title='bbox 1769 2927 1930 2969; x_wconf 88' lang='lat' dir='ltr'><strong>quam</strong></span> <span class='ocrx_word' id='word_1_204' title='bbox 1958 2916 2118 2959; x_wconf 92' lang='lat' dir='ltr'><strong>habet</strong></span> <span class='ocrx_word' id='word_1_205' title='bbox 2147 2915 2358 2970; x_wconf 79' lang='lat' dir='ltr'><strong>effigies,</strong></span> <span class='ocrx_word' id='word_1_206' title='bbox 2392 2927 2512 2969; x_wconf 83' lang='lat' dir='ltr'><strong>quae</strong></span> 
     </span>
     <span class='ocr_line' id='line_1_37' title="bbox 354 2983 2513 3039; baseline 0.001 -15"><span class='ocrx_word' id='word_1_207' title='bbox 354 2985 571 3036; x_wconf 90' lang='lat' dir='ltr'><strong>apparet</strong></span> <span class='ocrx_word' id='word_1_208' title='bbox 588 2983 641 3025; x_wconf 93' lang='lat' dir='ltr'><strong>in</strong></span> <span class='ocrx_word' id='word_1_209' title='bbox 661 2983 917 3026; x_wconf 80' lang='lat' dir='ltr'><strong>»Danske</strong></span> <span class='ocrx_word' id='word_1_210' title='bbox 937 2983 1221 3038; x_wconf 83' lang='lat' dir='ltr'><strong>Magazin«</strong></span> <span class='ocrx_word' id='word_1_211' title='bbox 1243 2986 1287 3027; x_wconf 95' lang='lat'><strong>11</strong></span> <span class='ocrx_word' id='word_1_212' title='bbox 1307 2998 1355 3039; x_wconf 93' lang='lat' dir='ltr'><strong>p.</strong></span> <span class='ocrx_word' id='word_1_213' title='bbox 1377 2985 1478 3038; x_wconf 89' lang='lat'>321,</span> <span class='ocrx_word' id='word_1_214' title='bbox 1499 2986 1530 3028; x_wconf 93' lang='lat' dir='ltr'><strong>i.</strong></span> <span class='ocrx_word' id='word_1_215' title='bbox 1547 2998 1590 3029; x_wconf 90' lang='lat' dir='ltr'><strong>e.</strong></span> <span class='ocrx_word' id='word_1_216' title='bbox 1613 2985 1669 3028; x_wconf 92' lang='lat'><strong>78</strong></span> <span class='ocrx_word' id='word_1_217' title='bbox 1683 2994 1725 3023; x_wconf 94' lang='lat'><strong>&gt;&lt;</strong></span> <span class='ocrx_word' id='word_1_218' title='bbox 1740 2985 1792 3028; x_wconf 83' lang='lat'><strong>61</strong></span> <span class='ocrx_word' id='word_1_219' title='bbox 1817 2997 1945 3038; x_wconf 90' lang='lat' dir='ltr'><strong>mm,</strong></span> <span class='ocrx_word' id='word_1_220' title='bbox 1966 2986 2018 3028; x_wconf 92' lang='lat' dir='ltr'><strong>in</strong></span> <span class='ocrx_word' id='word_1_221' title='bbox 2037 2985 2315 3029; x_wconf 90' lang='lat' dir='ltr'><strong>duodecim</strong></span> <span class='ocrx_word' id='word_1_222' title='bbox 2335 2985 2513 3039; x_wconf 89' lang='lat' dir='ltr'><strong>priori-</strong></span> 
     </span>
     <span class='ocr_line' id='line_1_38' title="bbox 353 3052 876 3106; baseline 0.006 -13"><span class='ocrx_word' id='word_1_223' title='bbox 353 3052 450 3094; x_wconf 87' lang='lat' dir='ltr'><strong>bus</strong></span> <span class='ocrx_word' id='word_1_224' title='bbox 468 3053 626 3106; x_wconf 90' lang='lat' dir='ltr'><strong>paulo</strong></span> <span class='ocrx_word' id='word_1_225' title='bbox 647 3054 876 3096; x_wconf 90' lang='lat' dir='ltr'><strong>minoris.</strong></span> 
     </span>
    </p>

    <p class='ocr_par' dir='ltr' id='par_1_14' title="bbox 349 3122 2512 3389">
     <span class='ocr_line' id='line_1_39' title="bbox 423 3122 2512 3179; baseline 0.002 -15"><span class='ocrx_word' id='word_1_226' title='bbox 423 3122 480 3164; x_wconf 93' lang='lat' dir='ltr'><strong>In</strong></span> <span class='ocrx_word' id='word_1_227' title='bbox 504 3122 762 3176; x_wconf 89' lang='lat' dir='ltr'><strong>prioribus</strong></span> <span class='ocrx_word' id='word_1_228' title='bbox 780 3124 937 3166; x_wconf 85' lang='lat' dir='ltr'><strong>tomis</strong></span> <span class='ocrx_word' id='word_1_229' title='bbox 957 3124 1081 3166; x_wconf 89' lang='lat' dir='ltr'><strong>satis</strong></span> <span class='ocrx_word' id='word_1_230' title='bbox 1102 3125 1266 3167; x_wconf 91' lang='lat' dir='ltr'><strong>multa</strong></span> <span class='ocrx_word' id='word_1_231' title='bbox 1290 3125 1620 3168; x_wconf 90' lang='lat' dir='ltr'><strong>inveniuntur</strong></span> <span class='ocrx_word' id='word_1_232' title='bbox 1638 3125 1898 3179; x_wconf 90' lang='lat' dir='ltr'><strong>Tychonis</strong></span> <span class='ocrx_word' id='word_1_233' title='bbox 1924 3137 2087 3168; x_wconf 90' lang='lat' dir='ltr'><strong>manu</strong></span> <span class='ocrx_word' id='word_1_234' title='bbox 2111 3125 2320 3179; x_wconf 88' lang='lat' dir='ltr'><strong>scripta,</strong></span> <span class='ocrx_word' id='word_1_235' title='bbox 2347 3126 2399 3168; x_wconf 92' lang='lat' dir='ltr'><strong>in</strong></span> <span class='ocrx_word' id='word_1_236' title='bbox 2424 3136 2512 3179; x_wconf 93' lang='lat' dir='ltr'><strong>po-</strong></span> 
     </span>
     <span class='ocr_line' id='line_1_40' title="bbox 351 3191 2511 3250; baseline 0.002 -17"><span class='ocrx_word' id='word_1_237' title='bbox 351 3191 653 3235; x_wconf 90' lang='lat' dir='ltr'><strong>sterioribus</strong></span> <span class='ocrx_word' id='word_1_238' title='bbox 678 3204 863 3246; x_wconf 91' lang='lat' dir='ltr'><strong>pauca.</strong></span> <span class='ocrx_word' id='word_1_239' title='bbox 892 3194 1022 3235; x_wconf 90' lang='lat' dir='ltr'><strong>Cum</strong></span> <span class='ocrx_word' id='word_1_240' title='bbox 1043 3195 1342 3249; x_wconf 88' lang='lat' dir='ltr'><strong>conjectura</strong></span> <span class='ocrx_word' id='word_1_241' title='bbox 1367 3194 1790 3249; x_wconf 91' lang='lat' dir='ltr'><strong>prospiciendum</strong></span> <span class='ocrx_word' id='word_1_242' title='bbox 1810 3198 1959 3246; x_wconf 90' lang='lat' dir='ltr'><strong>esset,</strong></span> <span class='ocrx_word' id='word_1_243' title='bbox 1989 3197 2242 3248; x_wconf 90' lang='lat' dir='ltr'><strong>quantum</strong></span> <span class='ocrx_word' id='word_1_244' title='bbox 2262 3195 2511 3250; x_wconf 88' lang='lat' dir='ltr'><strong>cujusque</strong></span> 
     </span>
     <span class='ocr_line' id='line_1_41' title="bbox 351 3262 2511 3318; baseline 0.001 -14"><span class='ocrx_word' id='word_1_245' title='bbox 351 3262 575 3315; x_wconf 84' lang='lat' dir='ltr'><strong>planetae</strong></span> <span class='ocrx_word' id='word_1_246' title='bbox 601 3262 991 3306; x_wconf 88' lang='lat' dir='ltr'><strong>observationes</strong></span> <span class='ocrx_word' id='word_1_247' title='bbox 1017 3263 1169 3317; x_wconf 90' lang='lat' dir='ltr'><strong>spatii</strong></span> <span class='ocrx_word' id='word_1_248' title='bbox 1194 3267 1533 3318; x_wconf 75' lang='lat' dir='ltr'><strong>occupaturae</strong></span> <span class='ocrx_word' id='word_1_249' title='bbox 1560 3267 1746 3316; x_wconf 89' lang='lat' dir='ltr'><strong>essent,</strong></span> <span class='ocrx_word' id='word_1_250' title='bbox 1773 3267 1825 3307; x_wconf 91' lang='lat' dir='ltr'><strong>in</strong></span> <span class='ocrx_word' id='word_1_251' title='bbox 1850 3265 2222 3318; x_wconf 89' lang='lat' dir='ltr'><strong>posterioribus</strong></span> <span class='ocrx_word' id='word_1_252' title='bbox 2246 3264 2511 3318; x_wconf 82' lang='lat' dir='ltr'><strong>praecipue</strong></span> 
     </span>
     <span class='ocr_line' id='line_1_42' title="bbox 349 3331 2512 3389; baseline 0.001 -16"><span class='ocrx_word' id='word_1_253' title='bbox 349 3331 506 3374; x_wconf 90' lang='lat' dir='ltr'><strong>tomis</strong></span> <span class='ocrx_word' id='word_1_254' title='bbox 525 3331 650 3375; x_wconf 89' lang='lat' dir='ltr'><strong>folia</strong></span> <span class='ocrx_word' id='word_1_255' title='bbox 670 3332 795 3375; x_wconf 86' lang='lat' dir='ltr'><strong>satis</strong></span> <span class='ocrx_word' id='word_1_256' title='bbox 815 3334 980 3375; x_wconf 90' lang='lat' dir='ltr'><strong>multa</strong></span> <span class='ocrx_word' id='word_1_257' title='bbox 1000 3344 1171 3375; x_wconf 91' lang='lat' dir='ltr'><strong>vacua</strong></span> <span class='ocrx_word' id='word_1_258' title='bbox 1197 3334 1376 3376; x_wconf 90' lang='lat' dir='ltr'><strong>relicta</strong></span> <span class='ocrx_word' id='word_1_259' title='bbox 1401 3337 1534 3376; x_wconf 90' lang='lat' dir='ltr'><strong>sunt.</strong></span> <span class='ocrx_word' id='word_1_260' title='bbox 1561 3335 1641 3376; x_wconf 88' lang='lat' dir='ltr'><strong>Ad</strong></span> <span class='ocrx_word' id='word_1_261' title='bbox 1666 3335 1826 3377; x_wconf 89' lang='lat' dir='ltr'><strong>finem</strong></span> <span class='ocrx_word' id='word_1_262' title='bbox 1851 3335 2253 3389; x_wconf 89' lang='lat' dir='ltr'><strong>uniuscujusque</strong></span> <span class='ocrx_word' id='word_1_263' title='bbox 2279 3334 2401 3376; x_wconf 89' lang='lat' dir='ltr'><strong>anni</strong></span> <span class='ocrx_word' id='word_1_264' title='bbox 2426 3334 2512 3376; x_wconf 88' lang='lat' dir='ltr'><strong>ad-</strong></span> 
     </span>
    </p>
   </div>
  </div>
 </body>
</html>
