2742 4204
1170 314 1299 367 1578
2265 321 2335 373 69

131 454 355 507 LIBER
375 452 997 506 DISTANTIARUM
1012 453 1494 506 STELLARUM
1508 455 1984 509 AFFIXARUM
2005 459 2146 511 PER
2167 461 2337 513 SEX-

131 523 474 578 TANTEM
506 523 1176 577 ASTRONOMICUM
1212 524 1312 576 ET
1347 525 1674 577 RADIUM
1704 527 1810 578 AB
1847 527 2098 582 ΙΝΙΤΙΟ
2130 532 2338 584 ANNI

190 597 318 650 1578
338 596 426 648 IN
446 595 745 648 INSULA
765 595 1062 648 HUENA
1083 595 1573 648 DILIGENTER
1595 596 2285 654 OBSERUATARUM.¹

208 677 494 720 Parallaxis
513 675 839 720 instrumenti
1456 717 1464 724 .
2315 724 2323 731 ,

1181 718 1290 749 Hanc
1306 717 1506 757 paralaxim
1521 722 1669 757 oportet
1683 718 1892 751 subtrahere
1906 720 1953 751 ab
1967 729 2055 752 arcu
2070 721 2273 754 obseruata:
2287 724 2342 755 dx-

178 755 221 786 G·
296 755 349 786 M·
441 755 483 786 G·
559 755 612 785 M·
716 753 759 784 G·
833 753 885 784 M·
1132 765 1268 796 l'tantiae
1281 765 1462 796 stellarum
1476 774 1542 805 per
1556 765 1768 797 sextantem.

190 808 208 851 l
321 809 339 851 1
433 808 451 850 1
462 808 480 850 1
565 807 643 854 123-
702 807 756 850 21
833 806 892 850 24

183 868 212 910 2
314 868 343 910 2
433 867 486 910 12
564 866 617 909 14
702 866 761 909 22
833 867 891 909 25
1418 884 1512 914 Cum
1526 883 1685 923 paralaxi
1698 883 1854 916 minoris
1868 894 1916 916 en
1929 882 2041 925 plati2

183 927 211 970 3
314 927 367 973 3ὲ
433 926 485 969 13
563 926 616 968 15
702 926 760 969 23
833 925 891 968 26
1179 931 1337 970 Absque
1352 931 1457 962 omni
1470 931 1630 970 paralaxi
1788 933 1831 963 34
1859 934 1903 963 50
2013 933 2116 965 Alias
2131 935 2174 965 34
2203 937 2245 965 49

183 986 212 1028 4
313 988 341 1029 5
432 985 486 1028 14
563 985 616 1029 16
702 985 761 1028 24
833 985 890 1028 27
1180 980 1279 1010 Inter
1292 978 1410 1018 lyram
1425 983 1461 1010 et
1473 978 1661 1010 vulturem
1676 979 1758 1010 sunt
1790 981 1833 1010 34
1864 981 1905 1010 10
2132 983 2175 1012 34
2206 984 2243 1013 11

183 1047 211 1088 5
313 1045 342 1089 6
432 1045 484 1087 15
563 1044 615 1088 17
701 1045 760 1087 25
832 1043 891 1087 28
1513 1038 1697 1070 Paralaxis
1863 1041 1906 1070 40
1993 1040 2175 1072 Paralaxis
2203 1043 2245 1073 38

183 1104 211 1147 6
314 1106 341 1148 7
433 1104 485 1148 16
563 1104 616 1147 18
701 1104 759 1148 26
832 1103 892 1147 29

183 1165 210 1207 7
314 1164 342 1207 8
432 1164 484 1207 17
563 1163 616 1206 19
701 1164 759 1206 27
833 1163 891 1207 30
1178 1158 1303 1197 Atque
1316 1157 1391 1188 hoc
1406 1156 1490 1188 satis
1504 1158 1711 1188 concordat
1725 1166 1813 1189 cum
1826 1158 1985 1198 paralaxi
2004 1158 2240 1198 instrumenti,
2255 1170 2343 1192 nam

183 1223 211 1266 8
314 1223 342 1266 9
432 1222 485 1266 18
557 1223 641 1268 2OE
701 1222 759 1266 28
833 1223 885 1266 31
1132 1205 1173 1235 35
1190 1205 1290 1244 grad.
1305 1205 1394 1236 dant
1409 1205 1451 1236 38
1467 1205 1611 1236 minuta
1681 1254 1724 1283 28
1753 1254 1796 1284 3ο

158 1282 212 1385 13
288 1283 342 1326 10
432 1282 485 1325 19
557 1282 640 1328 214
700 1282 759 1325 29
832 1282 891 1326 32
1682 1301 1725 1331 28
1777 1302 1797 1331 2

281 1342 366 1389 112}
426 1341 485 1385 20
557 1342 615 1385 23
700 1342 759 1385 30
832 1342 890 1385 33
1425 1359 1610 1391 Paralaxis
1756 1361 1799 1391 28
1826 1361 1953 1392 tabula
1966 1361 2028 1392 dat
2043 1362 2100 1393 31.

970 1437 1082 1480 DIE
1102 1437 1155 1480 21
1176 1436 1510 1488 JANUARIJ.

131 1498 210 1540 De
232 1497 506 1548 Quadrato
528 1497 715 1552 Pegafi.
738 1523 794 1528 —
816 1497 958 1540 Inter
977 1497 1172 1541 Scheat
1192 1497 1363 1552 Pegasi
1385 1500 1437 1540 et
1457 1500 1619 1551 caput
1638 1497 1999 1541 Andromedae
2067 1498 2139 1541 14⁰
2156 1499 2224 1541 14¹

130 1557 270 1600 Inter
289 1557 522 1611 primam
543 1557 645 1600 318
666 1560 718 1600 et
738 1560 900 1612 caput
918 1557 1282 1600 Andromedae
2060 1558 2119 1600 20
2180 1560 2207 1601 5

129 1617 270 1659 Inter
289 1616 521 1671 primam
542 1620 594 1660 et
613 1616 939 1671 postremam
960 1618 1062 1660 318
2064 1617 2117 1660 16
2148 1618 2206 1661 33

129 1676 270 1719 Inter
289 1675 520 1731 primam
542 1677 644 1720 318
664 1679 716 1719 et
735 1676 931 1720 Scheat
2065 1677 2117 1719 12
2148 1677 2205 1719 45

129 1735 270 1778 Inter
289 1735 613 1790 postremam
634 1737 737 1779 318
758 1739 810 1779 et
831 1736 1026 1779 Scheat
2058 1736 2117 1779 20
2147 1737 2206 1779 39

130 1795 270 1838 Inter
289 1798 451 1850 caput
470 1796 832 1839 Andromedae
853 1799 905 1839 et
925 1795 1248 1850 postremam
1270 1796 1372 1838 318
2065 1796 2116 1838 13
2148 1796 2206 1839 58

963 1903 1076 1945 DIE
1095 1903 1154 1945 22
1169 1901 1503 1954 JANUARIJ.

128 1962 269 2005 Inter
289 1965 450 2016 caput
470 1962 831 2006 Andromedae
851 1966 902 2005 et
922 1962 1158 2006 lucidam
1178 1962 1231 2004 in
1251 1962 1429 2005 balteo
1451 1961 1562 2005 eius
2064 1962 2117 2005 14
2154 1963 2206 2006 14

130 2021 248 2065 Non
269 2021 388 2064 satis
409 2022 662 2076 exquisita
682 2025 900 2077 propter
919 2022 1087 2065 nubes
1106 2020 1421 2065 interiecstas.

960 2129 1073 2172 DIE
1092 2129 1122 2172 4
1142 2128 1506 2181 FEBRUARIJ.

128 2188 268 2232 Inter
288 2189 645 2232 borealiorem
664 2189 835 2233 tertiae
855 2201 1030 2245 magn.
1054 2200 1223 2233 cornu
1244 2188 1416 2232 dextri
1433 2193 1494 2241 V
1513 2191 1564 2231 et
1583 2188 1907 2243 postremam

1741 2249 1843 2292 318
1863 2249 2034 2303 pegafi
2054 2248 2112 2291 24
2145 2248 2198 2291 31

128 2307 269 2351 Inter
288 2311 449 2363 caput
468 2309 830 2353 Andromedae
851 2312 903 2352 et
923 2309 1152 2353 eandem
1171 2313 1232 2361 V
1251 2319 1420 2352 cornu
2055 2308 2112 2350 25
2175 2307 2203 2350 8

125 2368 295 2411 Antea
317 2371 497 2411 autem
517 2371 702 2412 notata
722 2368 794 2412 est
807 2368 1048 2412 distantia
1069 2368 1256 2423 capitis
1270 2368 1633 2411 Andromedae
1654 2370 1706 2410 et
1726 2367 2006 2422 postremae
2028 2368 2129 2411 318
2149 2368 2334 2422 Pegafi.

126 2427 268 2470 Inter
287 2430 449 2482 caput
467 2428 829 2472 Andromedae
849 2432 901 2472 et
920 2428 1156 2472 lucidam
1177 2427 1338 2472 baltei
2060 2426 2113 2469 14
2149 2426 2202 2469 16

126 2486 266 2530 Inter
286 2488 514 2531 eandem
535 2488 693 2543 baltej
715 2491 767 2532 et
787 2488 1146 2532 borealiorem
1165 2488 1218 2531 in
1239 2489 1426 2531 dextro
1449 2498 1617 2531 cornu
1636 2492 1696 2539 V
1714 2487 1773 2530 3ae
1794 2499 1931 2542 mag.
2060 2487 2112 2529 17
2144 2486 2202 2529 38

125 2546 266 2590 Inter
284 2547 520 2590 lucidam
541 2548 697 2603 baltej
720 2551 772 2592 et
791 2548 1028 2592 lucidam
1048 2548 1101 2591 in
1123 2547 1424 2591 summitate
1445 2546 1632 2602 capitis
1651 2551 1712 2599 V
2060 2546 2112 2589 17
2150 2545 2203 2588 10

125 2605 266 2650 Inter
286 2607 513 2650 eandem
535 2607 801 2662 capitis-‘V
819 2612 872 2652 et
890 2607 1127 2652 lucidam
1146 2608 1200 2650 in
1221 2607 1416 2650 sinistro
1438 2607 1573 2661 pede
1593 2606 1954 2650 Andromedae
2060 2605 2113 2648 18
2144 2605 2202 2648 44

124 2665 265 2709 Inter
283 2666 423 2710 hanc
444 2666 498 2709 in
517 2668 653 2721 pede
672 2668 834 2711 Andr.
858 2672 909 2711 et
929 2667 1164 2711 lucidam
1187 2667 1344 2722 baltej
1367 2666 1479 2710 eius
2060 2665 2112 2707 12
2149 2665 2202 2707 16

123 2725 486 2770 Praecedentes
498 2727 894 2771 obseruationes
908 2739 1017 2771 non
1028 2728 1143 2771 sunt
1154 2730 1317 2771 certae
1329 2729 1547 2781 propter
1557 2725 1881 2769 instrumenti
1895 2724 2334 2768 incertitudinem.

600 2835 628 2877 5
649 2835 728 2877 ΕΤ
747 2834 1210 2887 SEQUENTIBUS
1232 2833 1474 2877 DIEBUS
1496 2832 1860 2884 FEBRUARIJ.

123 2892 202 2936 De
223 2894 486 2947 quadrato
507 2894 694 2949 Pegafi.
718 2920 774 2925 —
796 2895 939 2938 Inter
958 2894 1155 2938 Scheat
1175 2897 1227 2937 et
1247 2896 1409 2948 caput
1428 2893 1791 2936 Andromedae
2060 2891 2114 2934 14
2173 2890 2202 2933 6

122 2951 264 2995 Inter
281 2952 514 3007 primam
535 2954 637 2997 318
657 2957 709 2997 et
729 2957 892 3009 caput
910 2955 1274 2998 Andromedae
2059 2951 2111 2994 19
2142 2950 2200 2993 58

122 3011 263 3055 Inter
281 3012 514 3067 primam
535 3016 587 3056 et
606 3013 932 3068 postremam
954 3015 1056 3058 318
2058 3011 2110 3054 16
2142 3009 2199 3052 33

122 3070 263 3114 Inter
280 3072 513 3126 primam
535 3074 638 3116 318
658 3077 710 3116 et
729 3073 926 3117 Scheat
2058 3070 2110 3112 12
2141 3068 2199 3111 45

121 3130 262 3174 Inter
280 3131 604 3186 postremam
625 3134 728 3177 318
747 3137 800 3176 et
820 3133 1016 3177 Scheat
2051 3129 2109 3172 20
2140 3128 2198 3171 36

120 3189 262 3234 Inter
279 3194 441 3246 caput
459 3192 621 3236 Andr.
645 3196 697 3236 et
716 3193 1041 3248 postremam
1063 3193 1165 3236 318
2057 3188 2109 3232 13
2140 3187 2199 3229 54

178 3288 185 3311 ¹
219 3291 290 3323 Hic
307 3292 439 3324 »Liber
451 3292 718 3325 distantiarum«
737 3303 853 3326 manu
868 3293 966 3326 Petri
975 3293 1109 3334 jacobi
1124 3292 1279 3333 scriptus
1294 3290 1353 3323 est.

118 3335 347 3418 1-8ξυὶεὲῗο
367 3339 513 3373 redtene
533 3342 616 3373 haec
640 3342 754 3373 verba
775 3342 908 3382 legam,
929 3350 1018 3373 nam
1038 3341 1076 3372 in
1098 3341 1243 3372 summa
1262 3339 1398 3380 pagina
1420 3338 1550 3377 scripta
1570 3338 1662 3374 sunt,
1684 3337 1747 3368 ubi
1768 3337 1899 3368 folium
1920 3336 2042 3376 postea
2061 3336 2253 3376 paululum
2275 3344 2330 3366 re-
