2742 4204
416 319 519 371 282
1047 375 1050 379 ,
1429 315 1554 368 1583

418 455 555 496 Inter
575 453 700 494 Luc.
714 453 838 503 Vet
857 450 957 504 seq.
979 450 1032 492 in
1203 450 1262 493 36
1295 450 1349 493 14
1531 452 1657 495 Luc.
1677 456 1737 504 V
1755 454 1806 495 et
1825 452 1924 505 seq.
1947 452 2171 494 duarum
2316 452 2369 495 31
2403 453 2460 496 23

961 519 1094 562 genu
1203 507 1262 551 36
1296 508 1373 555 14÷
1866 510 2062 553 boreal.
2083 508 2136 552 in
2155 509 2299 564 virga
2316 509 2369 552 31
2403 510 2460 553 23

417 570 556 611 Inter
575 567 772 618 Luc.·v·
784 568 835 608 et
854 565 1079 619 praeced.
1203 565 1262 609 35
1291 565 1348 609 47
1531 567 1657 610 Luc.
1676 572 1737 620 V·
1754 570 1806 610 et
1823 567 2048 622 praeced.
2069 567 2294 610 duarum
2317 567 2370 610 31
2405 567 2486 615 41÷

981 623 1034 666 in
1053 635 1186 678 genu
1204 624 1262 667 35
1291 623 1348 667 47
1867 625 2063 669 boreal.
2084 624 2137 667 in
2154 625 2300 679 virga
2317 625 2370 668 31
2404 625 2456 668 41

417 684 555 726 Inter
573 683 699 725 Luc.
719 686 779 734 ‘V'
797 684 848 724 et
866 681 1097 724 lucidam
1115 682 1168 724 in
1531 683 1670 726 Inter
1683 683 1807 726 Luc.
1819 687 1879 735 ‘v'
1890 686 1942 726 et
1954 683 2059 736 sup.
2075 682 2300 725 duarum
2318 682 2376 725 29
2404 683 2486 730 392}

764 739 954 782 finistro
969 739 1186 783 brachio
1205 739 1261 782 33
1292 739 1350 782 22
1902 743 2061 784 extre.
2083 740 2136 783 in
2154 740 2299 794 virga
2317 740 2375 783 29
2404 740 2462 783 40

418 800 555 841 Inter
573 798 699 840 Luc.
713 800 837 849 Vet
855 796 1026 840 minus
1045 798 1145 840 luc.
1531 798 1670 842 Inter
1695 798 1820 841 Luc.
1846 803 1906 851 ‘V'
1929 801 1980 841 et
2008 800 2301 841 extremam
2318 797 2376 840 28
2405 799 2463 840 55

739 855 967 898 eiusdem
987 855 1183 910 brachij
1205 855 1262 898 33
1291 855 1350 898 39
2087 856 2140 898 in
2157 855 2302 910 virga
2319 855 2376 898 28
2405 855 2464 898 54

418 915 558 957 Inter
576 914 703 956 Luc.
717 917 777 965 V
789 915 840 956 et
858 914 1134 967 paruulam
1205 913 1262 956 43
1321 913 1373 960 0}

759 970 847 1014 mf.
869 973 1029 1014 extre.
1052 971 1187 1015 sellae
1205 970 1262 1014 43
1325 971 1345 1013 1
