<?xml version="1.0" encoding="UTF-8"?>
<!DOCTYPE html PUBLIC "-//W3C//DTD XHTML 1.0 Transitional//EN"
    "http://www.w3.org/TR/xhtml1/DTD/xhtml1-transitional.dtd">
<html xmlns="http://www.w3.org/1999/xhtml" xml:lang="en" lang="en">
 <head>
  <title>
</title>
<meta http-equiv="Content-Type" content="text/html;charset=utf-8" />
  <meta name='ocr-system' content='tesseract 3.04.00' />
  <meta name='ocr-capabilities' content='ocr_page ocr_carea ocr_par ocr_line ocrx_word'/>
</head>
<body>
  <div class='ocr_page' id='page_1' title='image "./operaomniaedidit10brahuoft/operaomniaedidit10brahuoft_0337.png"; bbox 0 0 2742 4204; ppageno 0'>
   <div class='ocr_carea' id='block_1_1' title="bbox 141 440 875 612">
    <p class='ocr_par' dir='ltr' id='par_1_1' title="bbox 141 440 875 612">
     <span class='ocr_line' id='line_1_1' title="bbox 475 440 875 493; baseline -0.003 -9"><span class='ocrx_word' id='word_1_1' title='bbox 475 441 588 484; x_wconf 92' lang='lat' dir='ltr'><strong>DIE</strong></span> <span class='ocrx_word' id='word_1_2' title='bbox 612 441 666 484; x_wconf 89' lang='lat'><strong>15</strong></span> <span class='ocrx_word' id='word_1_3' title='bbox 679 440 709 493; x_wconf 90' lang='lat' dir='ltr'>J</span> <span class='ocrx_word' id='word_1_4' title='bbox 714 440 860 492; x_wconf 91' lang='lat' dir='ltr'><strong>ULIJ</strong></span> <span class='ocrx_word' id='word_1_5' title='bbox 865 473 875 483; x_wconf 94' lang='lat'><strong>.</strong></span> 
     </span>
     <span class='ocr_line' id='line_1_2' title="bbox 141 501 553 554; baseline -0.005 -9"><span class='ocrx_word' id='word_1_6' title='bbox 141 503 236 546; x_wconf 89' lang='lat' dir='ltr'><strong>Per</strong></span> <span class='ocrx_word' id='word_1_7' title='bbox 255 501 315 554; x_wconf 89' lang='lat' dir='ltr'><strong>Q.</strong></span> <span class='ocrx_word' id='word_1_8' title='bbox 337 501 553 545; x_wconf 90' lang='lat' dir='ltr'><strong>Tichon.</strong></span> 
     </span>
     <span class='ocr_line' id='line_1_3' title="bbox 142 560 530 612; baseline -0.003 -8"><span class='ocrx_word' id='word_1_9' title='bbox 142 562 236 604; x_wconf 89' lang='lat' dir='ltr'><strong>Per</strong></span> <span class='ocrx_word' id='word_1_10' title='bbox 255 560 316 612; x_wconf 92' lang='lat' dir='ltr'><strong>Q.</strong></span> <span class='ocrx_word' id='word_1_11' title='bbox 337 561 530 604; x_wconf 88' lang='lat' dir='ltr'><strong>Portat.</strong></span> 
     </span>
    </p>
   </div>
   <div class='ocr_carea' id='block_1_2' title="bbox 139 654 874 826">
    <p class='ocr_par' dir='ltr' id='par_1_2' title="bbox 139 654 874 826">
     <span class='ocr_line' id='line_1_4' title="bbox 474 654 874 707; baseline -0.003 -9"><span class='ocrx_word' id='word_1_12' title='bbox 474 654 586 698; x_wconf 92' lang='lat' dir='ltr'><strong>DIE</strong></span> <span class='ocrx_word' id='word_1_13' title='bbox 611 655 663 698; x_wconf 94' lang='lat'><strong>17</strong></span> <span class='ocrx_word' id='word_1_14' title='bbox 679 654 708 707; x_wconf 93' lang='lat' dir='ltr'>J</span> <span class='ocrx_word' id='word_1_15' title='bbox 712 654 859 706; x_wconf 90' lang='lat' dir='ltr'><strong>ULIJ</strong></span> <span class='ocrx_word' id='word_1_16' title='bbox 863 686 874 698; x_wconf 97' lang='lat'><strong>.</strong></span> 
     </span>
     <span class='ocr_line' id='line_1_5' title="bbox 140 714 555 766; baseline 0 -8"><span class='ocrx_word' id='word_1_17' title='bbox 140 716 235 759; x_wconf 90' lang='lat' dir='ltr'><strong>Per</strong></span> <span class='ocrx_word' id='word_1_18' title='bbox 255 714 315 766; x_wconf 89' lang='lat' dir='ltr'><strong>Q.</strong></span> <span class='ocrx_word' id='word_1_19' title='bbox 338 715 555 758; x_wconf 89' lang='lat' dir='ltr'><strong>Tichon.</strong></span> 
     </span>
     <span class='ocr_line' id='line_1_6' title="bbox 139 773 529 826; baseline -0.003 -8"><span class='ocrx_word' id='word_1_20' title='bbox 139 776 234 818; x_wconf 91' lang='lat' dir='ltr'><strong>Per</strong></span> <span class='ocrx_word' id='word_1_21' title='bbox 254 773 314 826; x_wconf 90' lang='lat' dir='ltr'><strong>Q.</strong></span> <span class='ocrx_word' id='word_1_22' title='bbox 338 775 529 818; x_wconf 84' lang='lat' dir='ltr'><strong>Portat.</strong></span> 
     </span>
    </p>
   </div>
   <div class='ocr_carea' id='block_1_3' title="bbox 139 868 876 1099">
    <p class='ocr_par' dir='ltr' id='par_1_3' title="bbox 139 868 876 1099">
     <span class='ocr_line' id='line_1_7' title="bbox 474 868 876 920; baseline 0 -8"><span class='ocrx_word' id='word_1_23' title='bbox 474 870 586 912; x_wconf 89' lang='lat' dir='ltr'><strong>DIE</strong></span> <span class='ocrx_word' id='word_1_24' title='bbox 612 868 665 912; x_wconf 93' lang='lat'><strong>18</strong></span> <span class='ocrx_word' id='word_1_25' title='bbox 681 868 876 920; x_wconf 88' lang='lat' dir='ltr'><strong>JULIJ.</strong></span> 
     </span>
     <span class='ocr_line' id='line_1_8' title="bbox 139 928 551 981; baseline 0.002 -10"><span class='ocrx_word' id='word_1_26' title='bbox 139 930 233 972; x_wconf 91' lang='lat' dir='ltr'><strong>Per</strong></span> <span class='ocrx_word' id='word_1_27' title='bbox 252 928 313 981; x_wconf 91' lang='lat' dir='ltr'><strong>Q.</strong></span> <span class='ocrx_word' id='word_1_28' title='bbox 335 928 551 972; x_wconf 88' lang='lat' dir='ltr'><strong>Tichon.</strong></span> 
     </span>
     <span class='ocr_line' id='line_1_9' title="bbox 139 988 528 1040; baseline 0.003 -10"><span class='ocrx_word' id='word_1_29' title='bbox 139 989 233 1031; x_wconf 91' lang='lat' dir='ltr'><strong>Per</strong></span> <span class='ocrx_word' id='word_1_30' title='bbox 253 988 313 1040; x_wconf 89' lang='lat' dir='ltr'><strong>Q.</strong></span> <span class='ocrx_word' id='word_1_31' title='bbox 336 989 528 1031; x_wconf 89' lang='lat' dir='ltr'><strong>Portat.</strong></span> 
     </span>
     <span class='ocr_line' id='line_1_10' title="bbox 140 1047 541 1099; baseline 0 -9"><span class='ocrx_word' id='word_1_32' title='bbox 140 1049 233 1091; x_wconf 89' lang='lat' dir='ltr'><strong>Per</strong></span> <span class='ocrx_word' id='word_1_33' title='bbox 253 1047 313 1099; x_wconf 92' lang='lat' dir='ltr'><strong>Q.</strong></span> <span class='ocrx_word' id='word_1_34' title='bbox 338 1047 541 1091; x_wconf 86' lang='lat' dir='ltr'><strong>Minim.</strong></span> 
     </span>
    </p>
   </div>
   <div class='ocr_carea' id='block_1_4' title="bbox 138 1142 974 1485">
    <p class='ocr_par' dir='ltr' id='par_1_4' title="bbox 138 1142 974 1485">
     <span class='ocr_line' id='line_1_11' title="bbox 472 1142 871 1195; baseline 0 -10"><span class='ocrx_word' id='word_1_35' title='bbox 472 1142 586 1185; x_wconf 94' lang='lat' dir='ltr'><strong>DIE</strong></span> <span class='ocrx_word' id='word_1_36' title='bbox 604 1142 662 1186; x_wconf 91' lang='lat'><strong>28</strong></span> <span class='ocrx_word' id='word_1_37' title='bbox 677 1142 706 1195; x_wconf 94' lang='lat' dir='ltr'>J</span> <span class='ocrx_word' id='word_1_38' title='bbox 711 1142 871 1195; x_wconf 91' lang='lat' dir='ltr'><strong>ULIJ.</strong></span> 
     </span>
     <span class='ocr_line' id='line_1_12' title="bbox 138 1201 551 1254; baseline 0 -9"><span class='ocrx_word' id='word_1_39' title='bbox 138 1203 233 1245; x_wconf 90' lang='lat' dir='ltr'><strong>Per</strong></span> <span class='ocrx_word' id='word_1_40' title='bbox 253 1201 313 1254; x_wconf 94' lang='lat' dir='ltr'><strong>Q.</strong></span> <span class='ocrx_word' id='word_1_41' title='bbox 335 1202 551 1246; x_wconf 87' lang='lat' dir='ltr'><strong>Tichon.</strong></span> 
     </span>
     <span class='ocr_line' id='line_1_13' title="bbox 139 1262 527 1314; baseline 0.003 -10"><span class='ocrx_word' id='word_1_42' title='bbox 139 1262 232 1305; x_wconf 90' lang='lat' dir='ltr'><strong>Per</strong></span> <span class='ocrx_word' id='word_1_43' title='bbox 252 1262 313 1314; x_wconf 93' lang='lat' dir='ltr'><strong>Q.</strong></span> <span class='ocrx_word' id='word_1_44' title='bbox 336 1263 527 1305; x_wconf 88' lang='lat' dir='ltr'><strong>Portat.</strong></span> 
     </span>
     <span class='ocr_line' id='line_1_14' title="bbox 139 1321 482 1373; baseline 0 -9"><span class='ocrx_word' id='word_1_45' title='bbox 139 1322 234 1365; x_wconf 91' lang='lat' dir='ltr'><strong>Per</strong></span> <span class='ocrx_word' id='word_1_46' title='bbox 253 1321 314 1373; x_wconf 90' lang='lat' dir='ltr'><strong>Q.</strong></span> <span class='ocrx_word' id='word_1_47' title='bbox 338 1321 482 1364; x_wconf 89' lang='lat' dir='ltr'><strong>Max.</strong></span> 
     </span>
     <span class='ocr_line' id='line_1_15' title="bbox 140 1380 613 1425; baseline 0.002 -2"><span class='ocrx_word' id='word_1_48' title='bbox 140 1381 234 1424; x_wconf 90' lang='lat' dir='ltr'><strong>Per</strong></span> <span class='ocrx_word' id='word_1_49' title='bbox 254 1380 393 1424; x_wconf 84' lang='lat' dir='ltr'><strong>Sext.</strong></span> <span class='ocrx_word' id='word_1_50' title='bbox 409 1393 613 1425; x_wconf 88' lang='lat' dir='ltr'>nouum</span> 
     </span>
     <span class='ocr_line' id='line_1_16' title="bbox 201 1441 974 1485; baseline 0.003 -2"><span class='ocrx_word' id='word_1_51' title='bbox 201 1441 323 1483; x_wconf 87' lang='lat' dir='ltr'><strong>Erat</strong></span> <span class='ocrx_word' id='word_1_52' title='bbox 343 1441 540 1484; x_wconf 88' lang='lat' dir='ltr'>coelum</span> <span class='ocrx_word' id='word_1_53' title='bbox 561 1441 696 1484; x_wconf 90' lang='lat' dir='ltr'><strong>bene</strong></span> <span class='ocrx_word' id='word_1_54' title='bbox 718 1441 974 1485; x_wconf 83' lang='lat' dir='ltr'><strong>serenum.</strong></span> 
     </span>
    </p>
   </div>
   <div class='ocr_carea' id='block_1_5' title="bbox 136 1547 876 1830">
    <p class='ocr_par' dir='ltr' id='par_1_5' title="bbox 136 1547 876 1830">
     <span class='ocr_line' id='line_1_17' title="bbox 472 1547 873 1600; baseline 0.007 -10"><span class='ocrx_word' id='word_1_55' title='bbox 472 1548 586 1591; x_wconf 94' lang='lat' dir='ltr'><strong>DIE</strong></span> <span class='ocrx_word' id='word_1_56' title='bbox 605 1548 664 1592; x_wconf 87' lang='lat'><strong>30</strong></span> <span class='ocrx_word' id='word_1_57' title='bbox 678 1547 706 1600; x_wconf 95' lang='lat' dir='ltr'>J</span> <span class='ocrx_word' id='word_1_58' title='bbox 713 1548 873 1600; x_wconf 91' lang='lat' dir='ltr'><strong>ULIJ.</strong></span> 
     </span>
     <span class='ocr_line' id='line_1_18' title="bbox 137 1607 550 1659; baseline 0.002 -9"><span class='ocrx_word' id='word_1_59' title='bbox 137 1608 233 1651; x_wconf 91' lang='lat' dir='ltr'><strong>Per</strong></span> <span class='ocrx_word' id='word_1_60' title='bbox 252 1607 312 1659; x_wconf 93' lang='lat' dir='ltr'><strong>Q.</strong></span> <span class='ocrx_word' id='word_1_61' title='bbox 334 1607 550 1651; x_wconf 89' lang='lat' dir='ltr'><strong>Tichon.</strong></span> 
     </span>
     <span class='ocr_line' id='line_1_19' title="bbox 136 1666 529 1719; baseline 0.003 -10"><span class='ocrx_word' id='word_1_62' title='bbox 136 1667 232 1710; x_wconf 90' lang='lat' dir='ltr'><strong>Per</strong></span> <span class='ocrx_word' id='word_1_63' title='bbox 251 1666 312 1719; x_wconf 90' lang='lat' dir='ltr'><strong>Q.</strong></span> <span class='ocrx_word' id='word_1_64' title='bbox 334 1668 529 1711; x_wconf 89' lang='lat' dir='ltr'><strong>Portat.</strong></span> 
     </span>
     <span class='ocr_line' id='line_1_20' title="bbox 136 1726 622 1771; baseline 0.002 -2"><span class='ocrx_word' id='word_1_65' title='bbox 136 1727 232 1770; x_wconf 91' lang='lat' dir='ltr'><strong>Per</strong></span> <span class='ocrx_word' id='word_1_66' title='bbox 252 1726 393 1770; x_wconf 88' lang='lat' dir='ltr'><strong>Sext.</strong></span> <span class='ocrx_word' id='word_1_67' title='bbox 417 1739 622 1771; x_wconf 87' lang='lat' dir='ltr'>nouum</span> 
     </span>
     <span class='ocr_line' id='line_1_21' title="bbox 199 1786 876 1830; baseline 0.001 -1"><span class='ocrx_word' id='word_1_68' title='bbox 199 1786 318 1830; x_wconf 89' lang='lat' dir='ltr'><strong>Non</strong></span> <span class='ocrx_word' id='word_1_69' title='bbox 338 1790 455 1830; x_wconf 91' lang='lat' dir='ltr'><strong>erat</strong></span> <span class='ocrx_word' id='word_1_70' title='bbox 474 1786 595 1830; x_wconf 79' lang='lat' dir='ltr'><strong>satis</strong></span> <span class='ocrx_word' id='word_1_71' title='bbox 617 1787 876 1830; x_wconf 82' lang='lat' dir='ltr'><strong>serenum.</strong></span> 
     </span>
    </p>
   </div>
   <div class='ocr_carea' id='block_1_6' title="bbox 406 1893 933 1939">
    <p class='ocr_par' dir='ltr' id='par_1_6' title="bbox 406 1893 933 1939">
     <span class='ocr_line' id='line_1_22' title="bbox 406 1893 933 1939; baseline 0.006 -3"><span class='ocrx_word' id='word_1_72' title='bbox 406 1894 518 1936; x_wconf 91' lang='lat' dir='ltr'><strong>DIE</strong></span> <span class='ocrx_word' id='word_1_73' title='bbox 544 1894 597 1937; x_wconf 93' lang='grc'>10</span> <span class='ocrx_word' id='word_1_74' title='bbox 616 1893 933 1939; x_wconf 92' lang='lat' dir='ltr'><strong>AUGUSTI.</strong></span> 
     </span>
    </p>
   </div>
   <div class='ocr_carea' id='block_1_7' title="bbox 136 1964 1003 2199">
    <p class='ocr_par' dir='ltr' id='par_1_7' title="bbox 137 1964 549 2017">
     <span class='ocr_line' id='line_1_23' title="bbox 137 1964 549 2017; baseline 0.002 -9"><span class='ocrx_word' id='word_1_75' title='bbox 137 1966 232 2008; x_wconf 89' lang='lat' dir='ltr'><strong>Per</strong></span> <span class='ocrx_word' id='word_1_76' title='bbox 251 1964 311 2017; x_wconf 95' lang='lat' dir='ltr'><strong>Q.</strong></span> <span class='ocrx_word' id='word_1_77' title='bbox 332 1965 549 2009; x_wconf 91' lang='lat' dir='ltr'><strong>Tichon.</strong></span> 
     </span>
    </p>

    <p class='ocr_par' dir='ltr' id='par_1_8' title="bbox 136 2024 524 2076">
     <span class='ocr_line' id='line_1_24' title="bbox 136 2024 524 2076; baseline 0.003 -9"><span class='ocrx_word' id='word_1_78' title='bbox 136 2025 232 2068; x_wconf 89' lang='lat' dir='ltr'><strong>Per</strong></span> <span class='ocrx_word' id='word_1_79' title='bbox 251 2024 312 2076; x_wconf 95' lang='lat' dir='ltr'><strong>Q.</strong></span> <span class='ocrx_word' id='word_1_80' title='bbox 334 2025 524 2069; x_wconf 86' lang='lat' dir='ltr'><strong>Portat.</strong></span> 
     </span>
    </p>

    <p class='ocr_par' dir='ltr' id='par_1_9' title="bbox 137 2083 1003 2199">
     <span class='ocr_line' id='line_1_25' title="bbox 137 2083 615 2128; baseline 0.004 -2"><span class='ocrx_word' id='word_1_81' title='bbox 137 2085 231 2127; x_wconf 90' lang='lat' dir='ltr'><strong>Per</strong></span> <span class='ocrx_word' id='word_1_82' title='bbox 251 2083 389 2128; x_wconf 87' lang='lat' dir='ltr'><strong>Sext.</strong></span> <span class='ocrx_word' id='word_1_83' title='bbox 411 2096 615 2128; x_wconf 86' lang='lat' dir='ltr'>nouum</span> 
     </span>
     <span class='ocr_line' id='line_1_26' title="bbox 198 2144 1003 2199; baseline 0.002 -12"><span class='ocrx_word' id='word_1_84' title='bbox 198 2145 318 2188; x_wconf 89' lang='lat' dir='ltr'><strong>Non</strong></span> <span class='ocrx_word' id='word_1_85' title='bbox 338 2147 454 2188; x_wconf 88' lang='lat' dir='ltr'><strong>erat</strong></span> <span class='ocrx_word' id='word_1_86' title='bbox 473 2144 724 2199; x_wconf 85' lang='lat' dir='ltr'><strong>exquifite</strong></span> <span class='ocrx_word' id='word_1_87' title='bbox 745 2145 1003 2189; x_wconf 85' lang='lat' dir='ltr'><strong>serenum.</strong></span> 
     </span>
    </p>
   </div>
   <div class='ocr_carea' id='block_1_8' title="bbox 135 2251 934 2475">
    <p class='ocr_par' dir='ltr' id='par_1_10' title="bbox 135 2251 934 2475">
     <span class='ocr_line' id='line_1_27' title="bbox 405 2251 934 2296; baseline 0.002 -2"><span class='ocrx_word' id='word_1_88' title='bbox 405 2251 518 2295; x_wconf 91' lang='lat' dir='ltr'><strong>DIE</strong></span> <span class='ocrx_word' id='word_1_89' title='bbox 545 2251 597 2296; x_wconf 90' lang='grc'><strong>13</strong></span> <span class='ocrx_word' id='word_1_90' title='bbox 617 2251 934 2296; x_wconf 92' lang='lat' dir='ltr'><strong>AUGUSTI.</strong></span> 
     </span>
     <span class='ocr_line' id='line_1_28' title="bbox 135 2310 545 2363; baseline 0.002 -9"><span class='ocrx_word' id='word_1_91' title='bbox 135 2311 230 2355; x_wconf 89' lang='lat' dir='ltr'><strong>Per</strong></span> <span class='ocrx_word' id='word_1_92' title='bbox 250 2310 310 2363; x_wconf 93' lang='lat' dir='ltr'><strong>Q.</strong></span> <span class='ocrx_word' id='word_1_93' title='bbox 331 2311 545 2355; x_wconf 87' lang='lat' dir='ltr'><strong>Tichon.</strong></span> 
     </span>
     <span class='ocr_line' id='line_1_29' title="bbox 135 2369 525 2422; baseline 0.005 -9"><span class='ocrx_word' id='word_1_94' title='bbox 135 2371 230 2414; x_wconf 90' lang='lat' dir='ltr'><strong>Per</strong></span> <span class='ocrx_word' id='word_1_95' title='bbox 250 2369 310 2422; x_wconf 94' lang='lat' dir='ltr'><strong>Q.</strong></span> <span class='ocrx_word' id='word_1_96' title='bbox 332 2371 525 2415; x_wconf 86' lang='lat' dir='ltr'><strong>Portat.</strong></span> 
     </span>
     <span class='ocr_line' id='line_1_30' title="bbox 135 2430 614 2475; baseline 0.006 -3"><span class='ocrx_word' id='word_1_97' title='bbox 135 2430 231 2473; x_wconf 88' lang='lat' dir='ltr'><strong>Per</strong></span> <span class='ocrx_word' id='word_1_98' title='bbox 249 2430 390 2475; x_wconf 91' lang='lat' dir='ltr'><strong>Sext.</strong></span> <span class='ocrx_word' id='word_1_99' title='bbox 410 2442 614 2475; x_wconf 88' lang='lat' dir='ltr'>nouum</span> 
     </span>
    </p>
   </div>
   <div class='ocr_carea' id='block_1_9' title="bbox 133 2538 934 2762">
    <p class='ocr_par' dir='ltr' id='par_1_11' title="bbox 133 2538 934 2762">
     <span class='ocr_line' id='line_1_31' title="bbox 407 2538 934 2584; baseline 0.006 -3"><span class='ocrx_word' id='word_1_100' title='bbox 407 2538 522 2581; x_wconf 92' lang='lat' dir='ltr'><strong>DIE</strong></span> <span class='ocrx_word' id='word_1_101' title='bbox 545 2539 599 2582; x_wconf 87' lang='lat'><strong>14</strong></span> <span class='ocrx_word' id='word_1_102' title='bbox 617 2539 934 2584; x_wconf 90' lang='lat' dir='ltr'><strong>AUGUSTI.</strong></span> 
     </span>
     <span class='ocr_line' id='line_1_32' title="bbox 133 2596 549 2649; baseline 0.01 -10"><span class='ocrx_word' id='word_1_103' title='bbox 133 2597 229 2640; x_wconf 88' lang='lat' dir='ltr'><strong>Per</strong></span> <span class='ocrx_word' id='word_1_104' title='bbox 248 2596 309 2649; x_wconf 91' lang='lat' dir='ltr'><strong>Q.</strong></span> <span class='ocrx_word' id='word_1_105' title='bbox 331 2596 549 2643; x_wconf 88' lang='lat' dir='ltr'><strong>Tichon.</strong></span> 
     </span>
     <span class='ocr_line' id='line_1_33' title="bbox 133 2656 524 2708; baseline 0.005 -9"><span class='ocrx_word' id='word_1_106' title='bbox 133 2657 228 2700; x_wconf 90' lang='lat' dir='ltr'><strong>Per</strong></span> <span class='ocrx_word' id='word_1_107' title='bbox 248 2656 309 2708; x_wconf 95' lang='lat' dir='ltr'><strong>Q.</strong></span> <span class='ocrx_word' id='word_1_108' title='bbox 331 2658 524 2702; x_wconf 88' lang='lat' dir='ltr'><strong>Portat.</strong></span> 
     </span>
     <span class='ocr_line' id='line_1_34' title="bbox 134 2716 614 2762; baseline 0.008 -4"><span class='ocrx_word' id='word_1_109' title='bbox 134 2716 230 2760; x_wconf 89' lang='lat' dir='ltr'><strong>Per</strong></span> <span class='ocrx_word' id='word_1_110' title='bbox 248 2716 389 2761; x_wconf 91' lang='lat' dir='ltr'><strong>Sext.</strong></span> <span class='ocrx_word' id='word_1_111' title='bbox 410 2729 614 2762; x_wconf 88' lang='lat' dir='ltr'>nouum</span> 
     </span>
    </p>
   </div>
   <div class='ocr_carea' id='block_1_10' title="bbox 134 2825 932 3048">
    <p class='ocr_par' dir='ltr' id='par_1_12' title="bbox 134 2825 932 3048">
     <span class='ocr_line' id='line_1_35' title="bbox 406 2825 932 2871; baseline 0.008 -4"><span class='ocrx_word' id='word_1_112' title='bbox 406 2825 519 2868; x_wconf 91' lang='lat' dir='ltr'><strong>DIE</strong></span> <span class='ocrx_word' id='word_1_113' title='bbox 544 2826 596 2868; x_wconf 89' lang='grc'><strong>15</strong></span> <span class='ocrx_word' id='word_1_114' title='bbox 616 2825 932 2871; x_wconf 86' lang='lat' dir='ltr'><strong>AUGUSTI.</strong></span> 
     </span>
     <span class='ocr_line' id='line_1_36' title="bbox 135 2882 548 2935; baseline 0.007 -10"><span class='ocrx_word' id='word_1_115' title='bbox 135 2883 229 2926; x_wconf 89' lang='lat' dir='ltr'><strong>Per</strong></span> <span class='ocrx_word' id='word_1_116' title='bbox 249 2882 309 2935; x_wconf 94' lang='lat' dir='ltr'><strong>Q.</strong></span> <span class='ocrx_word' id='word_1_117' title='bbox 331 2883 548 2928; x_wconf 73' lang='lat' dir='ltr'><strong>TIchon.</strong></span> 
     </span>
     <span class='ocr_line' id='line_1_37' title="bbox 134 2942 525 2995; baseline 0.008 -11"><span class='ocrx_word' id='word_1_118' title='bbox 134 2942 230 2985; x_wconf 93' lang='lat' dir='ltr'><strong>Per</strong></span> <span class='ocrx_word' id='word_1_119' title='bbox 249 2942 309 2995; x_wconf 94' lang='lat' dir='ltr'><strong>Q.</strong></span> <span class='ocrx_word' id='word_1_120' title='bbox 332 2944 525 2987; x_wconf 85' lang='lat' dir='ltr'><strong>Portat.</strong></span> 
     </span>
     <span class='ocr_line' id='line_1_38' title="bbox 134 3002 612 3048; baseline 0.008 -4"><span class='ocrx_word' id='word_1_121' title='bbox 134 3002 230 3045; x_wconf 88' lang='lat' dir='ltr'><strong>Per</strong></span> <span class='ocrx_word' id='word_1_122' title='bbox 248 3003 388 3046; x_wconf 89' lang='lat' dir='ltr'><strong>Sext.</strong></span> <span class='ocrx_word' id='word_1_123' title='bbox 410 3015 612 3048; x_wconf 85' lang='lat' dir='ltr'>nouum</span> 
     </span>
    </p>
   </div>
   <div class='ocr_carea' id='block_1_11' title="bbox 132 3111 931 3221">
    <p class='ocr_par' dir='ltr' id='par_1_13' title="bbox 132 3111 931 3221">
     <span class='ocr_line' id='line_1_39' title="bbox 406 3111 931 3158; baseline 0.008 -4"><span class='ocrx_word' id='word_1_124' title='bbox 406 3111 519 3154; x_wconf 92' lang='lat' dir='ltr'><strong>DIE</strong></span> <span class='ocrx_word' id='word_1_125' title='bbox 544 3111 598 3155; x_wconf 84' lang='lat'><strong>16</strong></span> <span class='ocrx_word' id='word_1_126' title='bbox 616 3113 931 3158; x_wconf 89' lang='lat' dir='ltr'><strong>AUGUSTI.</strong></span> 
     </span>
     <span class='ocr_line' id='line_1_40' title="bbox 132 3168 544 3221; baseline 0.012 -11"><span class='ocrx_word' id='word_1_127' title='bbox 132 3168 227 3211; x_wconf 90' lang='lat' dir='ltr'><strong>Per</strong></span> <span class='ocrx_word' id='word_1_128' title='bbox 246 3168 307 3221; x_wconf 90' lang='lat' dir='ltr'><strong>Q.</strong></span> <span class='ocrx_word' id='word_1_129' title='bbox 328 3169 544 3215; x_wconf 88' lang='lat' dir='ltr'><strong>Tichon.</strong></span> 
     </span>
    </p>
   </div>
   <div class='ocr_carea' id='block_1_12' title="bbox 132 3263 559 3368">
    <p class='ocr_par' dir='ltr' id='par_1_14' title="bbox 132 3263 559 3368">
     <span class='ocr_line' id='line_1_41' title="bbox 132 3263 559 3311; baseline 0.012 -5"><span class='ocrx_word' id='word_1_130' title='bbox 132 3263 305 3307; x_wconf 87' lang='lat' dir='ltr'><strong>Vento</strong></span> <span class='ocrx_word' id='word_1_131' title='bbox 320 3276 559 3311; x_wconf 90' lang='lat' dir='ltr'><strong>commo-</strong></span> 
     </span>
     <span class='ocr_line' id='line_1_42' title="bbox 214 3324 478 3368; baseline 0.011 -3"><span class='ocrx_word' id='word_1_132' title='bbox 214 3324 478 3368; x_wconf 82' lang='lat' dir='ltr'><strong>vehantur</strong></span> 
     </span>
    </p>
   </div>
   <div class='ocr_carea' id='block_1_13' title="bbox 1189 299 1317 355">
    <p class='ocr_par' dir='ltr' id='par_1_15' title="bbox 1189 299 1317 355">
     <span class='ocr_line' id='line_1_43' title="bbox 1189 299 1317 355; baseline 0.031 -4"><span class='ocrx_word' id='word_1_133' title='bbox 1189 299 1317 355; x_wconf 85' lang='lat'>1584</span> 
     </span>
    </p>
   </div>
   <div class='ocr_carea' id='block_1_14' title="bbox 971 498 1208 601">
    <p class='ocr_par' dir='ltr' id='par_1_16' title="bbox 971 498 1208 601">
     <span class='ocr_line' id='line_1_44' title="bbox 972 498 1143 545; baseline 0.018 -3"><span class='ocrx_word' id='word_1_134' title='bbox 972 499 1029 542; x_wconf 89' lang='lat'><strong>53</strong></span> <span class='ocrx_word' id='word_1_135' title='bbox 1060 498 1143 545; x_wconf 61' lang='lat'>46}</span> 
     </span>
     <span class='ocr_line' id='line_1_45' title="bbox 971 558 1208 601; baseline 0 0"><span class='ocrx_word' id='word_1_136' title='bbox 971 558 1028 601; x_wconf 89' lang='grc'><strong>53</strong></span> <span class='ocrx_word' id='word_1_137' title='bbox 1059 558 1118 601; x_wconf 88' lang='grc'><strong>47</strong></span> <span class='ocrx_word' id='word_1_138' title='bbox 1132 570 1208 601; x_wconf 75' lang='lat' dir='ltr'><strong>fere</strong></span> 
     </span>
    </p>
   </div>
   <div class='ocr_carea' id='block_1_15' title="bbox 971 713 1209 816">
    <p class='ocr_par' dir='ltr' id='par_1_17' title="bbox 971 713 1209 816">
     <span class='ocr_line' id='line_1_46' title="bbox 971 713 1209 757; baseline 0 -1"><span class='ocrx_word' id='word_1_139' title='bbox 971 713 1030 757; x_wconf 89' lang='grc'><strong>53</strong></span> <span class='ocrx_word' id='word_1_140' title='bbox 1061 713 1120 756; x_wconf 88' lang='grc'><strong>20</strong></span> <span class='ocrx_word' id='word_1_141' title='bbox 1181 713 1209 756; x_wconf 96' lang='grc'>0</span> 
     </span>
     <span class='ocr_line' id='line_1_47' title="bbox 971 772 1209 816; baseline 0 0"><span class='ocrx_word' id='word_1_142' title='bbox 971 772 1119 816; x_wconf 86' lang='lat'>5320</span> <span class='ocrx_word' id='word_1_143' title='bbox 1180 772 1209 816; x_wconf 95' lang='grc'>0</span> 
     </span>
    </p>
   </div>
   <div class='ocr_carea' id='block_1_16' title="bbox 971 927 1209 1091">
    <p class='ocr_par' dir='ltr' id='par_1_18' title="bbox 971 927 1209 1091">
     <span class='ocr_line' id='line_1_48' title="bbox 971 927 1209 971; baseline 0 0"><span class='ocrx_word' id='word_1_144' title='bbox 971 928 1029 971; x_wconf 90' lang='grc'><strong>53</strong></span> <span class='ocrx_word' id='word_1_145' title='bbox 1091 927 1119 971; x_wconf 88' lang='lat'>6</span> <span class='ocrx_word' id='word_1_146' title='bbox 1155 927 1209 971; x_wconf 91' lang='lat'><strong>10</strong></span> 
     </span>
     <span class='ocr_line' id='line_1_49' title="bbox 971 987 1142 1034; baseline 0.012 -3"><span class='ocrx_word' id='word_1_147' title='bbox 971 988 1027 1031; x_wconf 91' lang='lat'>53</span> <span class='ocrx_word' id='word_1_148' title='bbox 1090 987 1142 1034; x_wconf 61' lang='grc' dir='ltr'><strong>ὁὲ-</strong></span> 
     </span>
     <span class='ocr_line' id='line_1_50' title="bbox 971 1047 1208 1091; baseline 0 -1"><span class='ocrx_word' id='word_1_149' title='bbox 971 1047 1028 1091; x_wconf 94' lang='grc'><strong>53</strong></span> <span class='ocrx_word' id='word_1_150' title='bbox 1090 1047 1119 1090; x_wconf 85' lang='grc'>6</span> <span class='ocrx_word' id='word_1_151' title='bbox 1180 1047 1208 1090; x_wconf 96' lang='grc'>0</span> 
     </span>
    </p>
   </div>
   <div class='ocr_carea' id='block_1_17' title="bbox 969 1202 1208 1426">
    <p class='ocr_par' dir='ltr' id='par_1_19' title="bbox 969 1202 1208 1368">
     <span class='ocr_line' id='line_1_51' title="bbox 970 1202 1208 1246; baseline 0.004 -2"><span class='ocrx_word' id='word_1_152' title='bbox 970 1202 1028 1245; x_wconf 90' lang='grc'><strong>50</strong></span> <span class='ocrx_word' id='word_1_153' title='bbox 1059 1202 1112 1246; x_wconf 97' lang='grc'>31</span> <span class='ocrx_word' id='word_1_154' title='bbox 1154 1202 1208 1245; x_wconf 91' lang='grc'><strong>10</strong></span> 
     </span>
     <span class='ocr_line' id='line_1_52' title="bbox 970 1262 1208 1306; baseline 0.004 -2"><span class='ocrx_word' id='word_1_155' title='bbox 970 1262 1028 1305; x_wconf 90' lang='grc'><strong>50</strong></span> <span class='ocrx_word' id='word_1_156' title='bbox 1060 1262 1112 1306; x_wconf 91' lang='grc'><strong>31</strong></span> <span class='ocrx_word' id='word_1_157' title='bbox 1154 1262 1208 1305; x_wconf 90' lang='grc'>10</span> 
     </span>
     <span class='ocr_line' id='line_1_53' title="bbox 969 1321 1142 1368; baseline 0.017 -4"><span class='ocrx_word' id='word_1_158' title='bbox 969 1321 1027 1365; x_wconf 89' lang='grc'><strong>50</strong></span> <span class='ocrx_word' id='word_1_159' title='bbox 1058 1322 1142 1368; x_wconf 61' lang='grc' dir='ltr'>31ὲ</span> 
     </span>
    </p>

    <p class='ocr_par' dir='ltr' id='par_1_20' title="bbox 969 1381 1207 1426">
     <span class='ocr_line' id='line_1_54' title="bbox 969 1381 1207 1426; baseline 0.004 -2"><span class='ocrx_word' id='word_1_160' title='bbox 969 1381 1028 1425; x_wconf 92' lang='grc'>50</span> <span class='ocrx_word' id='word_1_161' title='bbox 1059 1382 1111 1426; x_wconf 89' lang='grc'>31</span> <span class='ocrx_word' id='word_1_162' title='bbox 1154 1381 1207 1425; x_wconf 94' lang='grc'><strong>10</strong></span> 
     </span>
    </p>
   </div>
   <div class='ocr_carea' id='block_1_18' title="bbox 968 1609 1142 1776">
    <p class='ocr_par' dir='ltr' id='par_1_21' title="bbox 968 1609 1142 1776">
     <span class='ocr_line' id='line_1_55' title="bbox 969 1609 1142 1656; baseline 0.029 -5"><span class='ocrx_word' id='word_1_163' title='bbox 969 1609 1028 1652; x_wconf 89' lang='grc'><strong>49</strong></span> <span class='ocrx_word' id='word_1_164' title='bbox 1059 1609 1142 1656; x_wconf 64' lang='lat'><strong>56}</strong></span> 
     </span>
     <span class='ocr_line' id='line_1_56' title="bbox 968 1668 1141 1716; baseline 0.029 -5"><span class='ocrx_word' id='word_1_165' title='bbox 968 1668 1027 1711; x_wconf 89' lang='lat'><strong>49</strong></span> <span class='ocrx_word' id='word_1_166' title='bbox 1058 1669 1141 1716; x_wconf 62' lang='lat'><strong>56²3</strong></span> 
     </span>
     <span class='ocr_line' id='line_1_57' title="bbox 969 1728 1142 1776; baseline 0.029 -5"><span class='ocrx_word' id='word_1_167' title='bbox 969 1728 1027 1771; x_wconf 88' lang='lat'><strong>49</strong></span> <span class='ocrx_word' id='word_1_168' title='bbox 1059 1729 1142 1776; x_wconf 64' lang='grc' dir='ltr'>56ὲ</span> 
     </span>
    </p>
   </div>
   <div class='ocr_carea' id='block_1_19' title="bbox 968 1966 1207 2134">
    <p class='ocr_par' dir='ltr' id='par_1_22' title="bbox 968 1966 1207 2134">
     <span class='ocr_line' id='line_1_58' title="bbox 969 1966 1207 2011; baseline 0 -1"><span class='ocrx_word' id='word_1_169' title='bbox 969 1966 1029 2010; x_wconf 85' lang='grc'>46</span> <span class='ocrx_word' id='word_1_170' title='bbox 1059 1967 1112 2010; x_wconf 93' lang='grc'>31</span> <span class='ocrx_word' id='word_1_171' title='bbox 1153 1967 1207 2011; x_wconf 93' lang='grc'>10</span> 
     </span>
     <span class='ocr_line' id='line_1_59' title="bbox 969 2026 1141 2074; baseline 0.017 -4"><span class='ocrx_word' id='word_1_172' title='bbox 969 2026 1028 2070; x_wconf 95' lang='lat'><strong>46</strong></span> <span class='ocrx_word' id='word_1_173' title='bbox 1058 2027 1141 2074; x_wconf 66' lang='lat'><strong>31}</strong></span> 
     </span>
     <span class='ocr_line' id='line_1_60' title="bbox 968 2086 1141 2134; baseline 0.023 -4"><span class='ocrx_word' id='word_1_174' title='bbox 968 2086 1027 2130; x_wconf 91' lang='lat'><strong>46</strong></span> <span class='ocrx_word' id='word_1_175' title='bbox 1058 2086 1141 2134; x_wconf 47' lang='lat'>31³2*</span> 
     </span>
    </p>
   </div>
   <div class='ocr_carea' id='block_1_20' title="bbox 966 2313 1206 2477">
    <p class='ocr_par' dir='ltr' id='par_1_23' title="bbox 966 2313 1206 2477">
     <span class='ocr_line' id='line_1_61' title="bbox 968 2313 1206 2357; baseline 0.004 -1"><span class='ocrx_word' id='word_1_176' title='bbox 968 2313 1026 2356; x_wconf 91' lang='grc'><strong>45</strong></span> <span class='ocrx_word' id='word_1_177' title='bbox 1058 2313 1116 2356; x_wconf 91' lang='grc'><strong>30</strong></span> <span class='ocrx_word' id='word_1_178' title='bbox 1150 2314 1206 2357; x_wconf 94' lang='grc'><strong>30</strong></span> 
     </span>
     <span class='ocr_line' id='line_1_62' title="bbox 966 2373 1205 2417; baseline 0 -1"><span class='ocrx_word' id='word_1_179' title='bbox 966 2373 1025 2416; x_wconf 90' lang='grc'><strong>45</strong></span> <span class='ocrx_word' id='word_1_180' title='bbox 1057 2373 1116 2416; x_wconf 95' lang='grc'><strong>30</strong></span> <span class='ocrx_word' id='word_1_181' title='bbox 1146 2373 1205 2417; x_wconf 92' lang='grc'><strong>40</strong></span> 
     </span>
     <span class='ocr_line' id='line_1_63' title="bbox 967 2433 1205 2477; baseline 0.008 -2"><span class='ocrx_word' id='word_1_182' title='bbox 967 2433 1025 2476; x_wconf 89' lang='grc'><strong>45</strong></span> <span class='ocrx_word' id='word_1_183' title='bbox 1056 2433 1116 2477; x_wconf 91' lang='grc'><strong>30</strong></span> <span class='ocrx_word' id='word_1_184' title='bbox 1146 2433 1205 2477; x_wconf 90' lang='grc'><strong>30</strong></span> 
     </span>
    </p>
   </div>
   <div class='ocr_carea' id='block_1_21' title="bbox 966 2601 1205 2765">
    <p class='ocr_par' dir='ltr' id='par_1_24' title="bbox 966 2601 1205 2765">
     <span class='ocr_line' id='line_1_64' title="bbox 966 2601 1205 2644; baseline 0 0"><span class='ocrx_word' id='word_1_185' title='bbox 966 2601 1024 2644; x_wconf 89' lang='grc'>45</span> <span class='ocrx_word' id='word_1_186' title='bbox 1062 2601 1115 2644; x_wconf 93' lang='grc'>10</span> <span class='ocrx_word' id='word_1_187' title='bbox 1151 2601 1205 2644; x_wconf 93' lang='grc'>10</span> 
     </span>
     <span class='ocr_line' id='line_1_65' title="bbox 966 2660 1139 2708; baseline 0.023 -4"><span class='ocrx_word' id='word_1_188' title='bbox 966 2660 1024 2704; x_wconf 87' lang='grc'>45</span> <span class='ocrx_word' id='word_1_189' title='bbox 1061 2661 1139 2708; x_wconf 61' lang='grc' dir='ltr'><strong>ῙΟὲ</strong></span> 
     </span>
     <span class='ocr_line' id='line_1_66' title="bbox 966 2720 1204 2765; baseline 0.008 -2"><span class='ocrx_word' id='word_1_190' title='bbox 966 2720 1024 2763; x_wconf 88' lang='lat'>45</span> <span class='ocrx_word' id='word_1_191' title='bbox 1061 2720 1115 2764; x_wconf 92' lang='grc'>10</span> <span class='ocrx_word' id='word_1_192' title='bbox 1150 2720 1204 2765; x_wconf 91' lang='grc'>10</span> 
     </span>
    </p>
   </div>
   <div class='ocr_carea' id='block_1_22' title="bbox 965 2887 1139 3054">
    <p class='ocr_par' dir='ltr' id='par_1_25' title="bbox 965 2887 1139 3054">
     <span class='ocr_line' id='line_1_67' title="bbox 965 2887 1138 2935; baseline 0.023 -5"><span class='ocrx_word' id='word_1_193' title='bbox 965 2887 1024 2930; x_wconf 91' lang='lat'><strong>44</strong></span> <span class='ocrx_word' id='word_1_194' title='bbox 1056 2888 1138 2935; x_wconf 54' lang='lat'>49}</span> 
     </span>
     <span class='ocr_line' id='line_1_68' title="bbox 965 2947 1139 2995; baseline 0.029 -5"><span class='ocrx_word' id='word_1_195' title='bbox 965 2947 1024 2990; x_wconf 88' lang='lat'><strong>44</strong></span> <span class='ocrx_word' id='word_1_196' title='bbox 1055 2947 1139 2995; x_wconf 62' lang='lat'>49}</span> 
     </span>
     <span class='ocr_line' id='line_1_69' title="bbox 966 3007 1138 3054; baseline 0.023 -4"><span class='ocrx_word' id='word_1_197' title='bbox 966 3007 1024 3050; x_wconf 91' lang='lat'><strong>44</strong></span> <span class='ocrx_word' id='word_1_198' title='bbox 1054 3007 1138 3054; x_wconf 55' lang='lat'><strong>49}</strong></span> 
     </span>
    </p>
   </div>
   <div class='ocr_carea' id='block_1_23' title="bbox 965 3174 1138 3222">
    <p class='ocr_par' dir='ltr' id='par_1_26' title="bbox 965 3174 1138 3222">
     <span class='ocr_line' id='line_1_70' title="bbox 965 3174 1138 3222; baseline 0.023 -5"><span class='ocrx_word' id='word_1_199' title='bbox 965 3174 1024 3217; x_wconf 92' lang='lat'><strong>44</strong></span> <span class='ocrx_word' id='word_1_200' title='bbox 1054 3174 1138 3222; x_wconf 42' lang='lat'>284</span> 
     </span>
    </p>
   </div>
   <div class='ocr_carea' id='block_1_24' title="bbox 608 3233 1201 3401">
    <p class='ocr_par' dir='ltr' id='par_1_27' title="bbox 608 3233 1201 3401">
     <span class='ocr_line' id='line_1_71' title="bbox 609 3233 1201 3278; baseline 0.007 -4"><span class='ocrx_word' id='word_1_201' title='bbox 609 3233 704 3275; x_wconf 91' lang='lat' dir='ltr'><strong>Per</strong></span> <span class='ocrx_word' id='word_1_202' title='bbox 725 3233 917 3277; x_wconf 87' lang='lat' dir='ltr'><strong>Portat.</strong></span> <span class='ocrx_word' id='word_1_203' title='bbox 963 3233 1023 3277; x_wconf 90' lang='lat'><strong>44</strong></span> <span class='ocrx_word' id='word_1_204' title='bbox 1053 3234 1112 3278; x_wconf 90' lang='lat'><strong>28</strong></span> <span class='ocrx_word' id='word_1_205' title='bbox 1148 3235 1201 3278; x_wconf 94' lang='lat'><strong>10</strong></span> 
     </span>
     <span class='ocr_line' id='line_1_72' title="bbox 608 3292 863 3336; baseline 0.008 -2"><span class='ocrx_word' id='word_1_206' title='bbox 608 3292 703 3335; x_wconf 87' lang='lat' dir='ltr'><strong>Per</strong></span> <span class='ocrx_word' id='word_1_207' title='bbox 724 3292 863 3336; x_wconf 91' lang='lat' dir='ltr'><strong>Sext.</strong></span> 
     </span>
     <span class='ocr_line' id='line_1_73' title="bbox 739 3352 1134 3401; baseline 0.01 -5"><span class='ocrx_word' id='word_1_208' title='bbox 739 3363 943 3396; x_wconf 87' lang='lat' dir='ltr'>nouum</span> <span class='ocrx_word' id='word_1_209' title='bbox 962 3352 1022 3396; x_wconf 92' lang='lat'><strong>44</strong></span> <span class='ocrx_word' id='word_1_210' title='bbox 1051 3353 1134 3401; x_wconf 59' lang='lat'><em>283-</em></span> 
     </span>
    </p>
   </div>
   <div class='ocr_carea' id='block_1_25' title="bbox 1282 307 2354 1052">
    <p class='ocr_par' dir='ltr' id='par_1_28' title="bbox 1282 307 2354 1052">
     <span class='ocr_line' id='line_1_74' title="bbox 2248 307 2353 360; baseline 0.01 -1"><span class='ocrx_word' id='word_1_211' title='bbox 2248 307 2353 360; x_wconf 88' lang='grc'>295</span> 
     </span>
     <span class='ocr_line' id='line_1_75' title="bbox 1555 444 2080 490; baseline 0.006 -3"><span class='ocrx_word' id='word_1_212' title='bbox 1555 444 1667 487; x_wconf 92' lang='lat' dir='ltr'><strong>DIE</strong></span> <span class='ocrx_word' id='word_1_213' title='bbox 1693 445 1744 488; x_wconf 94' lang='lat'><strong>17</strong></span> <span class='ocrx_word' id='word_1_214' title='bbox 1765 446 2080 490; x_wconf 91' lang='lat' dir='ltr'><strong>AUGUSTI.</strong></span> 
     </span>
     <span class='ocr_line' id='line_1_76' title="bbox 1283 515 2354 567; baseline 0.004 -9"><span class='ocrx_word' id='word_1_215' title='bbox 1283 516 1378 558; x_wconf 91' lang='lat' dir='ltr'><strong>Per</strong></span> <span class='ocrx_word' id='word_1_216' title='bbox 1397 515 1458 567; x_wconf 93' lang='lat' dir='ltr'><strong>Q.</strong></span> <span class='ocrx_word' id='word_1_217' title='bbox 1481 515 1696 560; x_wconf 89' lang='lat' dir='ltr'><strong>Tichon.</strong></span> <span class='ocrx_word' id='word_1_218' title='bbox 2118 518 2176 561; x_wconf 90' lang='lat'><strong>44</strong></span> <span class='ocrx_word' id='word_1_219' title='bbox 2238 521 2263 561; x_wconf 94' lang='lat'><strong>7</strong></span> <span class='ocrx_word' id='word_1_220' title='bbox 2302 519 2354 562; x_wconf 93' lang='lat'><strong>10</strong></span> 
     </span>
     <span class='ocr_line' id='line_1_77' title="bbox 1283 574 2354 626; baseline 0.004 -9"><span class='ocrx_word' id='word_1_221' title='bbox 1283 576 1377 618; x_wconf 91' lang='lat' dir='ltr'><strong>Per</strong></span> <span class='ocrx_word' id='word_1_222' title='bbox 1398 574 1458 626; x_wconf 92' lang='lat' dir='ltr'><strong>Q.</strong></span> <span class='ocrx_word' id='word_1_223' title='bbox 1482 575 1675 618; x_wconf 85' lang='lat' dir='ltr'><strong>Portat.</strong></span> <span class='ocrx_word' id='word_1_224' title='bbox 2117 578 2176 620; x_wconf 87' lang='grc'><strong>44</strong></span> <span class='ocrx_word' id='word_1_225' title='bbox 2237 580 2263 620; x_wconf 95' lang='grc'>7</span> <span class='ocrx_word' id='word_1_226' title='bbox 2295 578 2354 621; x_wconf 90' lang='lat'><strong>20</strong></span> 
     </span>
     <span class='ocr_line' id='line_1_78' title="bbox 1283 634 2282 684; baseline 0.006 -8"><span class='ocrx_word' id='word_1_227' title='bbox 1283 635 1378 678; x_wconf 88' lang='lat' dir='ltr'><strong>Per</strong></span> <span class='ocrx_word' id='word_1_228' title='bbox 1396 634 1536 677; x_wconf 89' lang='lat' dir='ltr'><strong>Sext.</strong></span> <span class='ocrx_word' id='word_1_229' title='bbox 1560 645 1763 678; x_wconf 88' lang='lat' dir='ltr'>nouum</span> <span class='ocrx_word' id='word_1_230' title='bbox 2117 637 2175 680; x_wconf 90' lang='lat'><strong>44</strong></span> <span class='ocrx_word' id='word_1_231' title='bbox 2238 639 2282 684; x_wconf 67' lang='lat'><strong>7}</strong></span> 
     </span>
     <span class='ocr_line' id='line_1_79' title="bbox 1344 693 2022 738; baseline 0.003 -2"><span class='ocrx_word' id='word_1_232' title='bbox 1344 693 1465 737; x_wconf 90' lang='lat' dir='ltr'><strong>Non</strong></span> <span class='ocrx_word' id='word_1_233' title='bbox 1485 697 1601 737; x_wconf 86' lang='lat' dir='ltr'><strong>erat</strong></span> <span class='ocrx_word' id='word_1_234' title='bbox 1622 694 1743 737; x_wconf 85' lang='lat' dir='ltr'><strong>satis</strong></span> <span class='ocrx_word' id='word_1_235' title='bbox 1764 695 2022 738; x_wconf 84' lang='lat' dir='ltr'><strong>serenum.</strong></span> 
     </span>
     <span class='ocr_line' id='line_1_80' title="bbox 1555 813 2082 857; baseline 0.004 -2"><span class='ocrx_word' id='word_1_236' title='bbox 1555 813 1668 856; x_wconf 94' lang='lat' dir='ltr'><strong>DIE</strong></span> <span class='ocrx_word' id='word_1_237' title='bbox 1693 813 1746 856; x_wconf 91' lang='lat'><strong>18</strong></span> <span class='ocrx_word' id='word_1_238' title='bbox 1766 814 2082 857; x_wconf 89' lang='lat' dir='ltr'><strong>AUGUSTI.</strong></span> 
     </span>
     <span class='ocr_line' id='line_1_81' title="bbox 1282 883 2286 935; baseline 0.006 -9"><span class='ocrx_word' id='word_1_239' title='bbox 1282 884 1377 927; x_wconf 89' lang='lat' dir='ltr'><strong>Per</strong></span> <span class='ocrx_word' id='word_1_240' title='bbox 1397 883 1458 935; x_wconf 91' lang='lat' dir='ltr'><strong>Q.</strong></span> <span class='ocrx_word' id='word_1_241' title='bbox 1480 884 1697 927; x_wconf 89' lang='lat' dir='ltr'><strong>Tichon.</strong></span> <span class='ocrx_word' id='word_1_242' title='bbox 2117 887 2174 930; x_wconf 90' lang='lat'>43</span> <span class='ocrx_word' id='word_1_243' title='bbox 2206 887 2286 934; x_wconf 48' lang='lat'><strong>46&amp;</strong></span> 
     </span>
     <span class='ocr_line' id='line_1_82' title="bbox 1282 943 2353 995; baseline 0.003 -8"><span class='ocrx_word' id='word_1_244' title='bbox 1282 944 1377 987; x_wconf 90' lang='lat' dir='ltr'><strong>Per</strong></span> <span class='ocrx_word' id='word_1_245' title='bbox 1396 943 1457 995; x_wconf 93' lang='lat' dir='ltr'><strong>Q.</strong></span> <span class='ocrx_word' id='word_1_246' title='bbox 1481 945 1673 987; x_wconf 88' lang='lat' dir='ltr'><strong>Portat.</strong></span> <span class='ocrx_word' id='word_1_247' title='bbox 2116 946 2174 989; x_wconf 88' lang='lat'>43</span> <span class='ocrx_word' id='word_1_248' title='bbox 2207 947 2263 990; x_wconf 93' lang='lat'><strong>47</strong></span> <span class='ocrx_word' id='word_1_249' title='bbox 2326 949 2353 990; x_wconf 94' lang='grc' dir='ltr'>Ο</span> 
     </span>
     <span class='ocr_line' id='line_1_83' title="bbox 1283 1003 2287 1052; baseline 0.004 -6"><span class='ocrx_word' id='word_1_250' title='bbox 1283 1004 1376 1046; x_wconf 86' lang='lat' dir='ltr'><strong>Per</strong></span> <span class='ocrx_word' id='word_1_251' title='bbox 1398 1003 1538 1047; x_wconf 88' lang='lat' dir='ltr'><strong>Sext.</strong></span> <span class='ocrx_word' id='word_1_252' title='bbox 1562 1015 1766 1047; x_wconf 89' lang='lat' dir='ltr'>nouum</span> <span class='ocrx_word' id='word_1_253' title='bbox 2118 1005 2175 1048; x_wconf 90' lang='lat'>43</span> <span class='ocrx_word' id='word_1_254' title='bbox 2207 1006 2287 1052; x_wconf 69' lang='lat'>46}</span> 
     </span>
    </p>
   </div>
   <div class='ocr_carea' id='block_1_26' title="bbox 1343 1062 2316 1117">
    <p class='ocr_par' dir='ltr' id='par_1_29' title="bbox 1343 1062 2316 1117">
     <span class='ocr_line' id='line_1_84' title="bbox 1343 1062 2316 1117; baseline 0.003 -11"><span class='ocrx_word' id='word_1_255' title='bbox 1343 1062 1527 1117; x_wconf 89' lang='lat' dir='ltr'><strong>Neque</strong></span> <span class='ocrx_word' id='word_1_256' title='bbox 1548 1063 1653 1107; x_wconf 91' lang='lat' dir='ltr'><strong>hoc</strong></span> <span class='ocrx_word' id='word_1_257' title='bbox 1675 1063 1759 1107; x_wconf 89' lang='lat' dir='ltr'><strong>die</strong></span> <span class='ocrx_word' id='word_1_258' title='bbox 1780 1068 1894 1107; x_wconf 89' lang='lat' dir='ltr'><strong>erat</strong></span> <span class='ocrx_word' id='word_1_259' title='bbox 1916 1064 2037 1107; x_wconf 84' lang='lat' dir='ltr'><strong>satis</strong></span> <span class='ocrx_word' id='word_1_260' title='bbox 2059 1065 2316 1109; x_wconf 83' lang='lat' dir='ltr'><strong>serenum.</strong></span> 
     </span>
    </p>
   </div>
   <div class='ocr_carea' id='block_1_27' title="bbox 1554 1183 2081 1228">
    <p class='ocr_par' dir='ltr' id='par_1_30' title="bbox 1554 1183 2081 1228">
     <span class='ocr_line' id='line_1_85' title="bbox 1554 1183 2081 1228; baseline 0.004 -3"><span class='ocrx_word' id='word_1_261' title='bbox 1554 1183 1667 1226; x_wconf 92' lang='lat' dir='ltr'><strong>DIE</strong></span> <span class='ocrx_word' id='word_1_262' title='bbox 1692 1183 1746 1226; x_wconf 90' lang='lat'><strong>19</strong></span> <span class='ocrx_word' id='word_1_263' title='bbox 1765 1183 2081 1228; x_wconf 92' lang='lat' dir='ltr'><strong>AUGUSTI.</strong></span> 
     </span>
    </p>
   </div>
   <div class='ocr_carea' id='block_1_28' title="bbox 1281 1254 1696 1365">
    <p class='ocr_par' dir='ltr' id='par_1_31' title="bbox 1281 1254 1696 1365">
     <span class='ocr_line' id='line_1_86' title="bbox 1281 1254 1696 1306; baseline 0.002 -10"><span class='ocrx_word' id='word_1_264' title='bbox 1281 1254 1377 1297; x_wconf 90' lang='lat' dir='ltr'><strong>Per</strong></span> <span class='ocrx_word' id='word_1_265' title='bbox 1396 1254 1457 1306; x_wconf 94' lang='lat' dir='ltr'><strong>Q.</strong></span> <span class='ocrx_word' id='word_1_266' title='bbox 1479 1254 1696 1297; x_wconf 89' lang='lat' dir='ltr'><strong>Tichon.</strong></span> 
     </span>
     <span class='ocr_line' id='line_1_87' title="bbox 1282 1313 1672 1365; baseline 0.005 -9"><span class='ocrx_word' id='word_1_267' title='bbox 1282 1315 1377 1357; x_wconf 88' lang='lat' dir='ltr'><strong>Per</strong></span> <span class='ocrx_word' id='word_1_268' title='bbox 1396 1313 1457 1365; x_wconf 95' lang='lat' dir='ltr'><strong>Q.</strong></span> <span class='ocrx_word' id='word_1_269' title='bbox 1480 1315 1672 1358; x_wconf 85' lang='lat' dir='ltr'><strong>Portat.</strong></span> 
     </span>
    </p>
   </div>
   <div class='ocr_carea' id='block_1_29' title="bbox 2115 1256 2353 1364">
    <p class='ocr_par' dir='ltr' id='par_1_32' title="bbox 2115 1256 2353 1364">
     <span class='ocr_line' id='line_1_88' title="bbox 2115 1256 2353 1301; baseline 0.008 -2"><span class='ocrx_word' id='word_1_270' title='bbox 2115 1256 2173 1300; x_wconf 89' lang='lat'><strong>43</strong></span> <span class='ocrx_word' id='word_1_271' title='bbox 2205 1257 2263 1300; x_wconf 86' lang='lat'><strong>24</strong></span> <span class='ocrx_word' id='word_1_272' title='bbox 2294 1258 2353 1301; x_wconf 91' lang='lat'>30</span> 
     </span>
     <span class='ocr_line' id='line_1_89' title="bbox 2115 1316 2287 1364; baseline 0.023 -5"><span class='ocrx_word' id='word_1_273' title='bbox 2115 1316 2173 1360; x_wconf 91' lang='lat'><strong>43</strong></span> <span class='ocrx_word' id='word_1_274' title='bbox 2205 1317 2287 1364; x_wconf 59' lang='lat'><strong>24}</strong></span> 
     </span>
    </p>
   </div>
   <div class='ocr_carea' id='block_1_30' title="bbox 1279 1373 2356 1843">
    <p class='ocr_par' dir='ltr' id='par_1_33' title="bbox 1281 1373 2286 1527">
     <span class='ocr_line' id='line_1_90' title="bbox 1281 1373 2286 1423; baseline 0.006 -7"><span class='ocrx_word' id='word_1_275' title='bbox 1281 1374 1375 1417; x_wconf 90' lang='lat' dir='ltr'><strong>Per</strong></span> <span class='ocrx_word' id='word_1_276' title='bbox 1395 1373 1535 1417; x_wconf 88' lang='lat' dir='ltr'><strong>Sext.</strong></span> <span class='ocrx_word' id='word_1_277' title='bbox 1557 1386 1760 1418; x_wconf 88' lang='lat' dir='ltr'><strong>nouum</strong></span> <span class='ocrx_word' id='word_1_278' title='bbox 2115 1377 2172 1420; x_wconf 91' lang='lat'><strong>43</strong></span> <span class='ocrx_word' id='word_1_279' title='bbox 2204 1377 2286 1423; x_wconf 59' lang='lat'>24}</span> 
     </span>
     <span class='ocr_line' id='line_1_91' title="bbox 1551 1482 2081 1527; baseline 0.004 -3"><span class='ocrx_word' id='word_1_280' title='bbox 1551 1482 1664 1524; x_wconf 92' lang='lat' dir='ltr'><strong>DIE</strong></span> <span class='ocrx_word' id='word_1_281' title='bbox 1685 1482 1744 1526; x_wconf 88' lang='lat'><strong>20</strong></span> <span class='ocrx_word' id='word_1_282' title='bbox 1763 1483 2081 1527; x_wconf 91' lang='lat' dir='ltr'><strong>AUGUSTI.</strong></span> 
     </span>
    </p>

    <p class='ocr_par' dir='ltr' id='par_1_34' title="bbox 1281 1553 2356 1604">
     <span class='ocr_line' id='line_1_92' title="bbox 1281 1553 2356 1604; baseline 0.005 -9"><span class='ocrx_word' id='word_1_283' title='bbox 1281 1554 1376 1596; x_wconf 88' lang='lat' dir='ltr'><strong>Per</strong></span> <span class='ocrx_word' id='word_1_284' title='bbox 1396 1553 1456 1604; x_wconf 93' lang='lat' dir='ltr'><strong>Q.</strong></span> <span class='ocrx_word' id='word_1_285' title='bbox 1478 1553 1695 1597; x_wconf 88' lang='lat' dir='ltr'><strong>Tichon.</strong></span> <span class='ocrx_word' id='word_1_286' title='bbox 2116 1556 2174 1599; x_wconf 92' lang='lat'><strong>43</strong></span> <span class='ocrx_word' id='word_1_287' title='bbox 2236 1556 2263 1599; x_wconf 92' lang='lat'>3</span> <span class='ocrx_word' id='word_1_288' title='bbox 2327 1557 2356 1600; x_wconf 95' lang='grc'>0</span> 
     </span>
    </p>

    <p class='ocr_par' dir='ltr' id='par_1_35' title="bbox 1280 1612 2355 1664">
     <span class='ocr_line' id='line_1_93' title="bbox 1280 1612 2355 1664; baseline 0.004 -9"><span class='ocrx_word' id='word_1_289' title='bbox 1280 1613 1376 1655; x_wconf 89' lang='lat' dir='ltr'><strong>Per</strong></span> <span class='ocrx_word' id='word_1_290' title='bbox 1396 1612 1456 1664; x_wconf 94' lang='lat' dir='ltr'><strong>Q.</strong></span> <span class='ocrx_word' id='word_1_291' title='bbox 1478 1613 1671 1656; x_wconf 85' lang='lat' dir='ltr'><strong>Portat.</strong></span> <span class='ocrx_word' id='word_1_292' title='bbox 2117 1615 2174 1658; x_wconf 92' lang='lat'><strong>43</strong></span> <span class='ocrx_word' id='word_1_293' title='bbox 2236 1616 2264 1659; x_wconf 94' lang='lat'>3</span> <span class='ocrx_word' id='word_1_294' title='bbox 2302 1617 2355 1659; x_wconf 94' lang='lat'><strong>10</strong></span> 
     </span>
    </p>

    <p class='ocr_par' dir='ltr' id='par_1_36' title="bbox 1280 1672 2355 1719">
     <span class='ocr_line' id='line_1_94' title="bbox 1280 1672 2355 1719; baseline 0.005 -5"><span class='ocrx_word' id='word_1_295' title='bbox 1280 1673 1376 1715; x_wconf 90' lang='lat' dir='ltr'><strong>Per</strong></span> <span class='ocrx_word' id='word_1_296' title='bbox 1395 1672 1534 1716; x_wconf 91' lang='lat' dir='ltr'><strong>Sext.</strong></span> <span class='ocrx_word' id='word_1_297' title='bbox 1558 1685 1760 1717; x_wconf 90' lang='lat' dir='ltr'>nouum</span> <span class='ocrx_word' id='word_1_298' title='bbox 2117 1675 2175 1718; x_wconf 89' lang='lat'><strong>43</strong></span> <span class='ocrx_word' id='word_1_299' title='bbox 2237 1676 2265 1719; x_wconf 90' lang='lat'>3</span> <span class='ocrx_word' id='word_1_300' title='bbox 2327 1676 2355 1719; x_wconf 95' lang='lat' dir='ltr'>O</span> 
     </span>
    </p>

    <p class='ocr_par' dir='ltr' id='par_1_37' title="bbox 1279 1731 2355 1784">
     <span class='ocr_line' id='line_1_95' title="bbox 1279 1731 2355 1784; baseline 0.004 -9"><span class='ocrx_word' id='word_1_301' title='bbox 1279 1733 1375 1775; x_wconf 91' lang='lat' dir='ltr'><strong>Per</strong></span> <span class='ocrx_word' id='word_1_302' title='bbox 1395 1732 1455 1784; x_wconf 94' lang='lat' dir='ltr'><strong>Q.</strong></span> <span class='ocrx_word' id='word_1_303' title='bbox 1480 1731 1624 1775; x_wconf 85' lang='lat' dir='ltr'><strong>Max.</strong></span> <span class='ocrx_word' id='word_1_304' title='bbox 2115 1735 2173 1778; x_wconf 91' lang='lat'><strong>43</strong></span> <span class='ocrx_word' id='word_1_305' title='bbox 2235 1736 2264 1778; x_wconf 91' lang='lat'><em>2</em></span> <span class='ocrx_word' id='word_1_306' title='bbox 2295 1737 2355 1779; x_wconf 89' lang='lat'><strong>50</strong></span> 
     </span>
    </p>

    <p class='ocr_par' dir='ltr' id='par_1_38' title="bbox 1281 1791 2353 1843">
     <span class='ocr_line' id='line_1_96' title="bbox 1281 1791 2353 1843; baseline 0.004 -9"><span class='ocrx_word' id='word_1_307' title='bbox 1281 1792 1375 1835; x_wconf 86' lang='lat' dir='ltr'><strong>Per</strong></span> <span class='ocrx_word' id='word_1_308' title='bbox 1395 1791 1456 1843; x_wconf 94' lang='lat' dir='ltr'><strong>Q.</strong></span> <span class='ocrx_word' id='word_1_309' title='bbox 1481 1791 1683 1836; x_wconf 88' lang='lat' dir='ltr'><strong>Minim.</strong></span> <span class='ocrx_word' id='word_1_310' title='bbox 2115 1795 2172 1838; x_wconf 91' lang='lat'><strong>43</strong></span> <span class='ocrx_word' id='word_1_311' title='bbox 2235 1795 2263 1838; x_wconf 92' lang='lat'>3</span> <span class='ocrx_word' id='word_1_312' title='bbox 2294 1796 2353 1838; x_wconf 87' lang='lat'><strong>45</strong></span> 
     </span>
    </p>
   </div>
   <div class='ocr_carea' id='block_1_31' title="bbox 1551 1900 2080 1945">
    <p class='ocr_par' dir='ltr' id='par_1_39' title="bbox 1551 1900 2080 1945">
     <span class='ocr_line' id='line_1_97' title="bbox 1551 1900 2080 1945; baseline 0.006 -3"><span class='ocrx_word' id='word_1_313' title='bbox 1551 1900 1664 1942; x_wconf 94' lang='lat' dir='ltr'><strong>DIE</strong></span> <span class='ocrx_word' id='word_1_314' title='bbox 1683 1900 1736 1943; x_wconf 88' lang='lat'><strong>21</strong></span> <span class='ocrx_word' id='word_1_315' title='bbox 1762 1901 2080 1945; x_wconf 90' lang='lat' dir='ltr'><strong>AUGUSTI.</strong></span> 
     </span>
    </p>
   </div>
   <div class='ocr_carea' id='block_1_32' title="bbox 1276 1970 2352 3114">
    <p class='ocr_par' dir='ltr' id='par_1_40' title="bbox 1276 1970 2352 3114">
     <span class='ocr_line' id='line_1_98' title="bbox 1280 1970 2350 2023; baseline 0.005 -10"><span class='ocrx_word' id='word_1_316' title='bbox 1280 1971 1375 2014; x_wconf 90' lang='lat' dir='ltr'><strong>Per</strong></span> <span class='ocrx_word' id='word_1_317' title='bbox 1395 1970 1456 2023; x_wconf 94' lang='lat' dir='ltr'><strong>Q.</strong></span> <span class='ocrx_word' id='word_1_318' title='bbox 1479 1970 1696 2015; x_wconf 90' lang='lat' dir='ltr'><strong>Tichon.</strong></span> <span class='ocrx_word' id='word_1_319' title='bbox 2113 1974 2172 2017; x_wconf 89' lang='lat'><strong>42</strong></span> <span class='ocrx_word' id='word_1_320' title='bbox 2203 1974 2255 2017; x_wconf 92' lang='lat'><strong>41</strong></span> <span class='ocrx_word' id='word_1_321' title='bbox 2294 1975 2350 2018; x_wconf 89' lang='lat'><strong>25</strong></span> 
     </span>
     <span class='ocr_line' id='line_1_99' title="bbox 1280 2030 2287 2082; baseline 0.006 -9"><span class='ocrx_word' id='word_1_322' title='bbox 1280 2031 1376 2074; x_wconf 89' lang='lat' dir='ltr'><strong>Per</strong></span> <span class='ocrx_word' id='word_1_323' title='bbox 1396 2030 1457 2082; x_wconf 91' lang='lat' dir='ltr'><strong>Q.</strong></span> <span class='ocrx_word' id='word_1_324' title='bbox 1480 2031 1672 2074; x_wconf 85' lang='lat' dir='ltr'><strong>Portat.</strong></span> <span class='ocrx_word' id='word_1_325' title='bbox 2114 2034 2173 2076; x_wconf 87' lang='lat'><strong>42</strong></span> <span class='ocrx_word' id='word_1_326' title='bbox 2204 2034 2287 2081; x_wconf 60' lang='lat'>412³.—</span> 
     </span>
     <span class='ocr_line' id='line_1_100' title="bbox 1280 2090 2352 2138; baseline 0.005 -6"><span class='ocrx_word' id='word_1_327' title='bbox 1280 2090 1376 2134; x_wconf 91' lang='lat' dir='ltr'><strong>Per</strong></span> <span class='ocrx_word' id='word_1_328' title='bbox 1395 2090 1534 2134; x_wconf 89' lang='lat' dir='ltr'><strong>Sext.</strong></span> <span class='ocrx_word' id='word_1_329' title='bbox 1558 2102 1760 2134; x_wconf 88' lang='lat' dir='ltr'>nouum</span> <span class='ocrx_word' id='word_1_330' title='bbox 2114 2093 2173 2136; x_wconf 91' lang='lat'><strong>42</strong></span> <span class='ocrx_word' id='word_1_331' title='bbox 2204 2093 2257 2137; x_wconf 89' lang='lat'><strong>41</strong></span> <span class='ocrx_word' id='word_1_332' title='bbox 2294 2095 2352 2138; x_wconf 92' lang='lat'>30</span> 
     </span>
     <span class='ocr_line' id='line_1_101' title="bbox 1279 2149 2283 2202; baseline 0.007 -10"><span class='ocrx_word' id='word_1_333' title='bbox 1279 2150 1374 2193; x_wconf 89' lang='lat' dir='ltr'><strong>Per</strong></span> <span class='ocrx_word' id='word_1_334' title='bbox 1394 2149 1454 2202; x_wconf 91' lang='lat' dir='ltr'><strong>Q.</strong></span> <span class='ocrx_word' id='word_1_335' title='bbox 1479 2150 1622 2193; x_wconf 86' lang='lat' dir='ltr'><strong>Max.</strong></span> <span class='ocrx_word' id='word_1_336' title='bbox 2111 2153 2170 2196; x_wconf 91' lang='lat'><strong>42</strong></span> <span class='ocrx_word' id='word_1_337' title='bbox 2201 2153 2283 2201; x_wconf 59' lang='lat'><strong>42}</strong></span> 
     </span>
     <span class='ocr_line' id='line_1_102' title="bbox 2108 2220 2349 2251; baseline 0.004 -1"><span class='ocrx_word' id='word_1_338' title='bbox 2108 2228 2188 2250; x_wconf 88' lang='lat' dir='ltr'><strong>non</strong></span> <span class='ocrx_word' id='word_1_339' title='bbox 2203 2220 2349 2251; x_wconf 86' lang='lat' dir='ltr'>bonum</span> 
     </span>
     <span class='ocr_line' id='line_1_103' title="bbox 1550 2270 2077 2317; baseline 0.008 -5"><span class='ocrx_word' id='word_1_340' title='bbox 1550 2270 1661 2313; x_wconf 94' lang='lat' dir='ltr'><strong>DIE</strong></span> <span class='ocrx_word' id='word_1_341' title='bbox 1682 2271 1740 2313; x_wconf 90' lang='lat'><strong>22</strong></span> <span class='ocrx_word' id='word_1_342' title='bbox 1760 2271 2077 2317; x_wconf 91' lang='lat' dir='ltr'><strong>AUGUSTI.</strong></span> 
     </span>
     <span class='ocr_line' id='line_1_104' title="bbox 1278 2341 2349 2393; baseline 0.006 -10"><span class='ocrx_word' id='word_1_343' title='bbox 1278 2342 1372 2384; x_wconf 91' lang='lat' dir='ltr'><strong>Per</strong></span> <span class='ocrx_word' id='word_1_344' title='bbox 1393 2341 1453 2393; x_wconf 94' lang='lat' dir='ltr'><strong>Q.</strong></span> <span class='ocrx_word' id='word_1_345' title='bbox 1475 2341 1692 2385; x_wconf 90' lang='lat' dir='ltr'><strong>Tichon.</strong></span> <span class='ocrx_word' id='word_1_346' title='bbox 2113 2345 2171 2388; x_wconf 86' lang='lat'><strong>42</strong></span> <span class='ocrx_word' id='word_1_347' title='bbox 2207 2345 2260 2389; x_wconf 92' lang='lat'><strong>19</strong></span> <span class='ocrx_word' id='word_1_348' title='bbox 2291 2346 2349 2389; x_wconf 91' lang='lat'><strong>20</strong></span> 
     </span>
     <span class='ocr_line' id='line_1_105' title="bbox 1278 2400 2348 2452; baseline 0.005 -9"><span class='ocrx_word' id='word_1_349' title='bbox 1278 2401 1372 2444; x_wconf 90' lang='lat' dir='ltr'><strong>Per</strong></span> <span class='ocrx_word' id='word_1_350' title='bbox 1392 2400 1453 2452; x_wconf 90' lang='lat' dir='ltr'><strong>Q.</strong></span> <span class='ocrx_word' id='word_1_351' title='bbox 1475 2402 1667 2445; x_wconf 86' lang='lat' dir='ltr'><strong>Portat.</strong></span> <span class='ocrx_word' id='word_1_352' title='bbox 2112 2404 2170 2448; x_wconf 89' lang='lat'><strong>42</strong></span> <span class='ocrx_word' id='word_1_353' title='bbox 2207 2405 2260 2448; x_wconf 91' lang='lat'><strong>19</strong></span> <span class='ocrx_word' id='word_1_354' title='bbox 2290 2406 2348 2448; x_wconf 87' lang='lat'><strong>25</strong></span> 
     </span>
     <span class='ocr_line' id='line_1_106' title="bbox 1278 2461 2347 2508; baseline 0.005 -5"><span class='ocrx_word' id='word_1_355' title='bbox 1278 2461 1373 2504; x_wconf 91' lang='lat' dir='ltr'><strong>Per</strong></span> <span class='ocrx_word' id='word_1_356' title='bbox 1398 2461 1537 2504; x_wconf 89' lang='lat' dir='ltr'><strong>Sext.</strong></span> <span class='ocrx_word' id='word_1_357' title='bbox 1560 2473 1764 2505; x_wconf 88' lang='lat' dir='ltr'>nouum</span> <span class='ocrx_word' id='word_1_358' title='bbox 2111 2464 2169 2507; x_wconf 89' lang='lat'><strong>42</strong></span> <span class='ocrx_word' id='word_1_359' title='bbox 2205 2464 2258 2508; x_wconf 92' lang='lat'>19</span> <span class='ocrx_word' id='word_1_360' title='bbox 2289 2465 2347 2508; x_wconf 92' lang='grc'><strong>20</strong></span> 
     </span>
     <span class='ocr_line' id='line_1_107' title="bbox 1550 2568 2077 2616; baseline 0.009 -6"><span class='ocrx_word' id='word_1_361' title='bbox 1550 2568 1662 2611; x_wconf 94' lang='lat' dir='ltr'><strong>DIE</strong></span> <span class='ocrx_word' id='word_1_362' title='bbox 1683 2569 1740 2613; x_wconf 90' lang='lat'>23</span> <span class='ocrx_word' id='word_1_363' title='bbox 1761 2570 2077 2616; x_wconf 92' lang='lat' dir='ltr'><strong>AUGUSTI.</strong></span> 
     </span>
     <span class='ocr_line' id='line_1_108' title="bbox 1277 2639 2350 2692; baseline 0.005 -10"><span class='ocrx_word' id='word_1_364' title='bbox 1277 2640 1372 2683; x_wconf 91' lang='lat' dir='ltr'><strong>Per</strong></span> <span class='ocrx_word' id='word_1_365' title='bbox 1391 2639 1453 2692; x_wconf 94' lang='lat' dir='ltr'><strong>Q.</strong></span> <span class='ocrx_word' id='word_1_366' title='bbox 1475 2639 1692 2684; x_wconf 86' lang='lat' dir='ltr'><strong>Tichon.</strong></span> <span class='ocrx_word' id='word_1_367' title='bbox 2112 2643 2165 2686; x_wconf 91' lang='lat'><strong>41</strong></span> <span class='ocrx_word' id='word_1_368' title='bbox 2202 2645 2260 2686; x_wconf 90' lang='lat'><strong>57</strong></span> <span class='ocrx_word' id='word_1_369' title='bbox 2292 2645 2350 2687; x_wconf 94' lang='lat'>30</span> 
     </span>
     <span class='ocr_line' id='line_1_109' title="bbox 1277 2699 2284 2751; baseline 0.006 -9"><span class='ocrx_word' id='word_1_370' title='bbox 1277 2700 1373 2743; x_wconf 89' lang='lat' dir='ltr'><strong>Per</strong></span> <span class='ocrx_word' id='word_1_371' title='bbox 1393 2699 1453 2751; x_wconf 94' lang='lat' dir='ltr'><strong>Q.</strong></span> <span class='ocrx_word' id='word_1_372' title='bbox 1477 2700 1669 2744; x_wconf 87' lang='lat' dir='ltr'><strong>Portat.</strong></span> <span class='ocrx_word' id='word_1_373' title='bbox 2112 2703 2165 2746; x_wconf 91' lang='lat'><strong>41</strong></span> <span class='ocrx_word' id='word_1_374' title='bbox 2202 2705 2284 2750; x_wconf 64' lang='lat'><strong>57}</strong></span> 
     </span>
     <span class='ocr_line' id='line_1_110' title="bbox 1277 2759 2285 2815; baseline 0.006 -13"><span class='ocrx_word' id='word_1_375' title='bbox 1277 2759 1372 2803; x_wconf 88' lang='lat' dir='ltr'><strong>Per</strong></span> <span class='ocrx_word' id='word_1_376' title='bbox 1391 2759 1532 2804; x_wconf 88' lang='lat' dir='ltr'><strong>Sext.</strong></span> <span class='ocrx_word' id='word_1_377' title='bbox 1555 2760 1686 2815; x_wconf 87' lang='lat' dir='ltr'><strong>Trig.</strong></span> <span class='ocrx_word' id='word_1_378' title='bbox 2112 2762 2165 2805; x_wconf 93' lang='lat'><strong>41</strong></span> <span class='ocrx_word' id='word_1_379' title='bbox 2202 2765 2285 2810; x_wconf 62' lang='lat'><strong>57}</strong></span> 
     </span>
     <span class='ocr_line' id='line_1_111' title="bbox 1552 2868 2078 2913; baseline 0.006 -3"><span class='ocrx_word' id='word_1_380' title='bbox 1552 2868 1665 2910; x_wconf 94' lang='lat' dir='ltr'><strong>DIE</strong></span> <span class='ocrx_word' id='word_1_381' title='bbox 1685 2868 1742 2911; x_wconf 88' lang='grc'>25</span> <span class='ocrx_word' id='word_1_382' title='bbox 1763 2868 2078 2913; x_wconf 92' lang='lat' dir='ltr'><strong>AUGUSTI.</strong></span> 
     </span>
     <span class='ocr_line' id='line_1_112' title="bbox 1276 2938 2349 2991; baseline 0.006 -11"><span class='ocrx_word' id='word_1_383' title='bbox 1276 2939 1372 2981; x_wconf 89' lang='lat' dir='ltr'><strong>Per</strong></span> <span class='ocrx_word' id='word_1_384' title='bbox 1392 2938 1452 2991; x_wconf 92' lang='lat' dir='ltr'><strong>Q.</strong></span> <span class='ocrx_word' id='word_1_385' title='bbox 1475 2939 1691 2983; x_wconf 90' lang='lat' dir='ltr'><strong>Tichon.</strong></span> <span class='ocrx_word' id='word_1_386' title='bbox 2112 2942 2164 2985; x_wconf 92' lang='lat'><strong>41</strong></span> <span class='ocrx_word' id='word_1_387' title='bbox 2207 2943 2258 2986; x_wconf 92' lang='lat'><strong>13</strong></span> <span class='ocrx_word' id='word_1_388' title='bbox 2296 2943 2349 2986; x_wconf 93' lang='grc'>10</span> 
     </span>
     <span class='ocr_line' id='line_1_113' title="bbox 1276 2998 2347 3050; baseline 0.005 -9"><span class='ocrx_word' id='word_1_389' title='bbox 1276 2998 1371 3042; x_wconf 90' lang='lat' dir='ltr'><strong>Per</strong></span> <span class='ocrx_word' id='word_1_390' title='bbox 1391 2998 1452 3050; x_wconf 92' lang='lat' dir='ltr'><strong>Q.</strong></span> <span class='ocrx_word' id='word_1_391' title='bbox 1474 3000 1668 3043; x_wconf 86' lang='lat' dir='ltr'><strong>Portat.</strong></span> <span class='ocrx_word' id='word_1_392' title='bbox 2111 3002 2164 3044; x_wconf 89' lang='lat'><strong>41</strong></span> <span class='ocrx_word' id='word_1_393' title='bbox 2206 3002 2258 3046; x_wconf 90' lang='lat'><strong>13</strong></span> <span class='ocrx_word' id='word_1_394' title='bbox 2295 3003 2347 3046; x_wconf 90' lang='lat'><strong>15</strong></span> 
     </span>
     <span class='ocr_line' id='line_1_114' title="bbox 1276 3058 2284 3114; baseline 0.007 -14"><span class='ocrx_word' id='word_1_395' title='bbox 1276 3058 1370 3102; x_wconf 91' lang='lat' dir='ltr'><strong>Per</strong></span> <span class='ocrx_word' id='word_1_396' title='bbox 1389 3058 1529 3102; x_wconf 87' lang='lat' dir='ltr'><strong>Sext.</strong></span> <span class='ocrx_word' id='word_1_397' title='bbox 1552 3059 1684 3114; x_wconf 85' lang='lat' dir='ltr'><strong>Trig.</strong></span> <span class='ocrx_word' id='word_1_398' title='bbox 2112 3062 2164 3104; x_wconf 91' lang='lat'><strong>41</strong></span> <span class='ocrx_word' id='word_1_399' title='bbox 2206 3062 2284 3108; x_wconf 55' lang='lat'>13}</span> 
     </span>
    </p>
   </div>
   <div class='ocr_carea' id='block_1_33' title="bbox 1501 3166 2122 3213">
    <p class='ocr_par' dir='ltr' id='par_1_41' title="bbox 1501 3166 2122 3213">
     <span class='ocr_line' id='line_1_115' title="bbox 1501 3166 2122 3213; baseline 0.006 -5"><span class='ocrx_word' id='word_1_400' title='bbox 1501 3166 1615 3209; x_wconf 93' lang='lat' dir='ltr'><strong>DIE</strong></span> <span class='ocrx_word' id='word_1_401' title='bbox 1640 3166 1687 3209; x_wconf 94' lang='lat'><strong>11</strong></span> <span class='ocrx_word' id='word_1_402' title='bbox 1714 3167 2122 3213; x_wconf 90' lang='lat' dir='ltr'><strong>SEPTEMBRIS.</strong></span> 
     </span>
    </p>
   </div>
   <div class='ocr_carea' id='block_1_34' title="bbox 1274 3237 2280 3405">
    <p class='ocr_par' dir='ltr' id='par_1_42' title="bbox 1274 3237 2280 3405">
     <span class='ocr_line' id='line_1_116' title="bbox 1275 3237 2280 3289; baseline 0.006 -10"><span class='ocrx_word' id='word_1_403' title='bbox 1275 3237 1371 3279; x_wconf 92' lang='lat' dir='ltr'><strong>Per</strong></span> <span class='ocrx_word' id='word_1_404' title='bbox 1391 3237 1451 3289; x_wconf 95' lang='lat' dir='ltr'><strong>Q.</strong></span> <span class='ocrx_word' id='word_1_405' title='bbox 1474 3237 1690 3282; x_wconf 88' lang='lat' dir='ltr'><strong>Tichon.</strong></span> <span class='ocrx_word' id='word_1_406' title='bbox 2110 3240 2167 3283; x_wconf 90' lang='lat'><strong>34</strong></span> <span class='ocrx_word' id='word_1_407' title='bbox 2198 3240 2280 3287; x_wconf 45' lang='lat' dir='ltr'>42ss</span> 
     </span>
     <span class='ocr_line' id='line_1_117' title="bbox 1275 3296 2278 3348; baseline 0.005 -10"><span class='ocrx_word' id='word_1_408' title='bbox 1275 3296 1370 3339; x_wconf 87' lang='lat' dir='ltr'><strong>Per</strong></span> <span class='ocrx_word' id='word_1_409' title='bbox 1390 3296 1450 3348; x_wconf 96' lang='lat' dir='ltr'><strong>Q.</strong></span> <span class='ocrx_word' id='word_1_410' title='bbox 1473 3297 1666 3341; x_wconf 88' lang='lat' dir='ltr'><strong>Portat.</strong></span> <span class='ocrx_word' id='word_1_411' title='bbox 2108 3300 2166 3343; x_wconf 93' lang='lat'><strong>34</strong></span> <span class='ocrx_word' id='word_1_412' title='bbox 2197 3300 2278 3346; x_wconf 52' lang='lat'>42}</span> 
     </span>
     <span class='ocr_line' id='line_1_118' title="bbox 1274 3356 2275 3405; baseline 0.005 -7"><span class='ocrx_word' id='word_1_413' title='bbox 1274 3356 1369 3399; x_wconf 89' lang='lat' dir='ltr'><strong>Per</strong></span> <span class='ocrx_word' id='word_1_414' title='bbox 1391 3356 1700 3401; x_wconf 81' lang='lat' dir='ltr'><strong>sextantem</strong></span> <span class='ocrx_word' id='word_1_415' title='bbox 2107 3359 2166 3402; x_wconf 90' lang='lat'><strong>34</strong></span> <span class='ocrx_word' id='word_1_416' title='bbox 2198 3359 2275 3405; x_wconf 60' lang='lat'><strong>425</strong></span> 
     </span>
    </p>
   </div>
  </div>
 </body>
</html>
