2690 4178
746 325 1419 378 PROLEGOMENA
1446 327 1851 380 EDITORIS
2256 331 2398 384 XIX

203 470 297 519 est,
317 465 632 521 replicatum
652 466 746 514 est,
767 464 840 506 ita
859 466 918 506 ut
937 463 1141 506 factum
1160 463 1226 506 sit
1245 464 1335 507 fol.
1362 464 1459 507 108.
1483 465 1540 507 In
1561 465 1665 508 hoc
1684 465 1863 508 titulus
1885 471 2104 521 apparet
2123 482 2286 512 manu
2304 470 2399 524 Ty-

203 537 408 584 chonis:
434 534 969 579 OBSERVATIONES
986 532 991 581 Ι
1007 533 1517 577 ASTRONOMICAE
1533 533 1539 581 Ι
1555 535 1692 578 Anni
1714 536 1827 579 1599
1843 535 1848 583 Ι
1864 537 2159 592 Vitebergae
2179 539 2374 583 habitae
2394 539 2400 587 Ι

202 609 292 654 ubi
305 607 411 664 poli
426 607 645 650 altitudo
665 604 671 653 Ι
690 606 743 648 51
761 605 843 651 52ὲ
862 603 868 652 Ι
888 608 940 648 et
952 607 1139 659 postea
1152 606 1333 660 Pragae
1348 605 1707 649 Bohemorum
1727 604 1732 653 Ι
1751 606 1804 649 in
1818 607 2019 651 latitud.
2035 608 2106 651 50.
2123 610 2225 653 Sed
2239 612 2399 654 etiam

201 680 292 725 fol.
317 679 336 722 l
359 678 568 722 titulum
587 676 792 732 praebet
811 676 893 719 his
911 675 1109 719 verbis:

770 781 1304 826 OBSERVATIONES
1327 781 1835 826 ASTRONOMICAE

920 840 1157 883 FACTAE
1177 841 1684 884 WITTENBERGAE

925 900 971 942 A
991 900 1335 943 SOLSTITIO
1358 900 1675 944 HYBERNO

940 959 1391 1002 PRAECEDENTE
1410 960 1666 1004 ANNUM

272 1128 532 1184 Incipiunt
550 1127 603 1170 in
622 1126 712 1170 fol.
727 1126 757 1169 2
776 1125 1178 1169 observationes
1198 1125 1332 1169 Solis
1352 1137 1384 1168 a
1401 1125 1529 1169 Dec.
1547 1126 1595 1169 d.
1612 1126 1640 1169 9
1655 1139 1701 1169 a.
1723 1126 1858 1169 1598
1880 1128 1949 1170 ad
1969 1127 2167 1170 exitum
2186 1141 2232 1171 a.
2255 1128 2400 1172 1599.

202 1201 501 1256 Sequuntur
520 1198 627 1243 foll.
649 1197 836 1250 15—26,
859 1209 980 1252 quae
995 1197 1177 1240 litteris
1192 1198 1410 1240 demum
1424 1197 1642 1252 impleta
1655 1198 1902 1241 videntur
1915 1210 2029 1241 esse
2043 1198 2260 1251 inserta3
2284 1211 2404 1243 con-

200 1272 365 1316 tinent
383 1271 504 1314 haec
523 1281 666 1313 nova
685 1271 957 1324 praecepta
972 1268 1519 1323 prosthaphaereseos‚
1543 1281 1664 1323 quae
1678 1269 1731 1311 in
1745 1272 1928 1312 nostro
1941 1272 2070 1312 tom.
2088 1270 2109 1312 I
2123 1282 2172 1324 p.
2189 1270 2274 1313 297
2289 1282 2401 1325 sqq.

201 1342 477 1394 edidimus,
495 1353 721 1396 quaeque
731 1340 915 1395 Tycho
927 1340 1174 1394 exemplo
1186 1339 1481 1392 illustravit,
1498 1351 1624 1383 cum
1636 1352 1702 1383 ex
1714 1340 2173 1384 observationibus
2186 1341 2404 1385 Davidis

201 1413 423 1458 Fabricii
448 1414 628 1457 locum
650 1411 796 1464 Jovis
823 1412 871 1455 d.
899 1411 958 1454 20
984 1414 1036 1454 et
1060 1411 1118 1454 28
1144 1423 1215 1454 m.
1245 1411 1372 1454 Dec.
1400 1424 1445 1454 a.
1477 1411 1589 1454 1598
1615 1422 1711 1466 per
1735 1412 1971 1455 calculos
1997 1412 2205 1466 reperit.
2234 1413 2404 1456 Etiam

200 1486 308 1530 foll.
329 1484 522 1536 49-50,
551 1495 672 1538 quae
693 1482 1094 1527 observationes
1109 1482 1138 1535 J
1142 1482 1272 1534 ovis,
1298 1482 1524 1534 Saturni,
1549 1482 1734 1526 Martis
1754 1482 1976 1526 Fabricii
1996 1495 2160 1526 manu
2181 1483 2404 1538 scriptas

203 1556 485 1608 continent,
510 1557 696 1610 postea
716 1554 913 1598 inserta
933 1557 1068 1597 sunt.
1096 1555 1217 1598 Post
1237 1553 1638 1598 observationes
1659 1567 1706 1597 a.
1733 1554 1845 1597 1599
1865 1555 2008 1597 nullo
2029 1554 2201 1609 spatio
2219 1555 2403 1599 relicto

201 1629 491 1682 sequuntur
511 1625 910 1670 observationes
932 1638 978 1668 a.
1005 1625 1120 1669 1600
1137 1637 1307 1680 usque
1328 1626 1397 1669 ad
1417 1625 1536 1669 Feb.
1560 1626 1608 1668 d.
1630 1625 1673 1668 2.

271 1698 533 1742 Posterior
557 1697 844 1741 fasciculus
870 1697 1106 1741 continet
1131 1697 1532 1741 observationes
1559 1696 1684 1740 anni
1714 1695 1870 1747 1598;
1898 1697 2062 1741 finem
2082 1697 2210 1740 facit
2230 1698 2405 1741 obser-

201 1769 347 1814 vatio
365 1769 572 1824 eclipsis
593 1769 762 1813 Lunae
780 1769 909 1824 Aug.
932 1769 981 1812 d.
1003 1768 1032 1812 6
1052 1768 1442 1824 Wandesburgi
1461 1768 1713 1811 instituta.

273 1842 331 1885 In
344 1841 449 1885 hoc
464 1841 666 1893 codice,
682 1840 768 1884 cui
778 1840 905 1884 nihil
916 1841 1079 1892 deest,
1094 1851 1203 1883 non
1213 1840 1382 1883 multa
1393 1839 1730 1883 inveniuntur
1739 1839 2005 1894 Tychonis
2016 1852 2180 1882 manu
2192 1839 2402 1894 scripta.

432 2007 658 2051 CODEX
679 2006 698 2050 1
721 2028 778 2045 =
797 2007 916 2051 Ant.
940 2006 1066 2051 Coll.
1090 2007 1206 2063 Reg.
1228 2006 1316 2050 318
1335 2006 1390 2050 in
1407 2006 1498 2051 fol.
1521 2006 1754 2051 continet
1775 2005 2175 2051 observationes

966 2090 1231 2122 annorum
1255 2076 1392 2121 1600
1412 2081 1465 2122 et
1488 2077 1640 2122 1601.

273 2174 555 2218 Involucro
575 2173 794 2218 vestitus
818 2173 918 2218 fuit
942 2174 1363 2218 membranaceo
1388 2174 1546 2217 valde
1570 2173 1715 2217 tenui
1742 2185 1806 2217 ac
1834 2174 1974 2216 laxo.
2004 2172 2147 2216 Folia
2174 2172 2407 2216 continet

206 2246 288 2289 173
313 2245 546 2289 numeris
572 2245 831 2300 insignita,
859 2257 1089 2300 quorum
1108 2248 1306 2289 vacant
1331 2247 1375 2289 5.
1403 2246 1600 2289 Praeter
1625 2245 1743 2288 haec
1770 2244 1966 2288 inserta
1992 2247 2112 2287 sunt
2134 2244 2403 2294 nonnulla,

201 2320 259 2361 ut
277 2317 411 2360 inter
430 2317 537 2361 foll.
559 2316 618 2359 74
637 2320 689 2360 et
708 2318 764 2360 75
785 2317 988 2369 folium,
1014 2316 1068 2360 in
1094 2328 1200 2371 quo
1220 2316 1404 2370 Tycho
1432 2316 1641 2371 scripsit
1667 2315 2067 2360 observationes
2090 2316 2256 2358 Lunae
2276 2315 2325 2357 d.
2348 2314 2406 2356 28

202 2401 273 2432 m.
296 2388 424 2444 Maji
450 2401 496 2431 a.
529 2387 657 2431 1600.
686 2388 945 2432 Desinunt
971 2388 1373 2433 observationes
1398 2388 1452 2431 in
1476 2388 1566 2432 fol.
1597 2388 1710 2431 151ν
1735 2388 1788 2431 in
1815 2388 1864 2430 d.
1891 2387 1938 2429 11
1970 2399 2040 2430 m.
2065 2387 2179 2430 Oct.
2203 2398 2249 2429 a.
2276 2385 2404 2437 1601,

201 2459 294 2504 ubi
317 2459 498 2503 addita
524 2462 603 2503 est
628 2459 814 2503 relatio
842 2460 908 2503 de
933 2459 1121 2503 ultimo
1147 2459 1341 2503 morbo
1361 2459 1628 2513 Tychonis
1653 2459 1705 2516 (a
1726 2460 1775 2502 d.
1802 2459 1854 2502 13
1876 2471 1946 2501 m.
1970 2457 2107 2515 Oct.)
2132 2460 2184 2500 et
2210 2457 2276 2499 de
2296 2457 2406 2512 ejus

203 2531 349 2575 obitu
367 2531 436 2588 (d.
457 2530 549 2585 24),
579 2530 791 2585 Kepleri
811 2544 990 2574 manu.
1014 2531 1196 2574 Insunt
1215 2530 1339 2574 huic
1360 2530 1534 2575 codici
1554 2531 1782 2574 aliorum
1803 2529 2203 2574 observationes
2225 2528 2294 2570 ad
2312 2528 2408 2582 Ty-

203 2603 433 2647 chonem
459 2602 655 2654 missae,
682 2605 741 2645 ut
767 2602 874 2646 foll.
902 2601 1080 2645 67-69
1106 2602 1508 2646 observationes
1535 2603 1598 2646 D.
1621 2602 1844 2645 Fabricii
1868 2601 2075 2657 (postea
2100 2598 2331 2656 insertae)
2356 2601 2408 2642 et

203 2675 272 2718 ad
296 2674 459 2717 finem
487 2673 686 2717 codicis
710 2673 830 2717 aliae
850 2674 1088 2730 eJ'usdem
1108 2674 1161 2717 in
1181 2673 1290 2717 foll.
1316 2673 1564 2726 162—165,
1593 2673 1844 2718 Iohannis
1865 2672 2099 2716 Krabbei
2118 2671 2172 2714 in
2191 2671 2280 2714 fol.
2307 2669 2404 2721 166,

204 2745 414 2800 Kepleri
432 2745 486 2788 in
505 2745 613 2789 foll.
639 2745 887 2798 167—173,
908 2745 1000 2789 ubi
1018 2745 1154 2788 inter
1172 2745 1281 2789 foll.
1308 2745 1392 2788 172
1412 2749 1464 2788 et
1487 2745 1569 2788 173
1590 2745 1848 2789 schedam
1869 2743 2087 2786 minoris
2108 2743 2300 2786 formae
2321 2741 2408 2784 ad-

204 2817 332 2860 didit
346 2817 555 2871 KepIer,
575 2816 629 2860 in
642 2828 748 2871 quo
763 2817 1023 2871 reperitur
1039 2816 1357 2871 »Explicatio
1372 2817 1564 2860 calculi
1581 2818 1629 2873 ὅ
1647 2816 1701 2859 in
1714 2814 2100 2870 hypothesibus
2112 2812 2403 2868 Tychonis«

203 2899 329 2931 cum
355 2887 706 2942 descriptione
731 2887 1108 2931 astronomica.
1137 2888 1197 2930 In
1216 2887 1390 2931 fronte
1409 2887 1670 2932 involucri
1689 2886 1946 2941 scriptum
1967 2889 2065 2929 est:
2095 2883 2408 2928 OBSERVA-

202 2958 441 3002 TIONES
466 2957 472 3006 Ι
497 2958 1008 3002 ASTRONOMICAE
1034 2957 1040 3005 Ι
1063 2958 1234 3001 ΑΝΝΙ
1260 2959 1306 3002 Α
1332 2958 1615 3001 CHRISTO
1642 2956 1647 3005 Ι
1678 2958 1790 3001 1600
1814 2956 1820 3005 Ι
1845 2956 1946 3000 ΕΤ
1972 2955 2083 2999 1601
2109 2954 2116 3002 Ι
2142 2955 2214 2998 ΙΝ
2242 2954 2406 2997 ARCE

204 3029 538 3073 CAESAREA
557 3028 563 3077 Ι
582 3029 782 3073 REGNI
807 3030 1147 3073 BOHEMIAE
1172 3030 1499 3073 BENATICA
1518 3028 1524 3076 Ι
1544 3029 1645 3072 ΕΤ
1659 3027 1939 3073 PRAGAE
1954 3027 1960 3075 Ι
1980 3025 2251 3070 HABITAE
2269 3024 2274 3072 Ι
2293 3025 2406 3067 PER

204 3101 682 3145 INSTRUMENTA
700 3099 706 3148 Ι
722 3101 777 3145 Τ.
794 3101 847 3144 Β.
869 3101 1010 3158 (quae
1030 3101 1212 3145 litteris
1231 3101 1494 3145 inclinatis
1515 3101 1774 3152 dedimus,
1796 3112 1828 3143 a
1841 3099 2093 3154 Tychone
2114 3099 2300 3152 postea
2321 3095 2407 3139 ad-

205 3172 313 3216 dita
332 3171 486 3230 sunt).

275 3243 437 3287 Deest
461 3242 584 3287 huic
609 3243 782 3287 codici
803 3243 1106 3288 observatio
1128 3243 1262 3287 Solis
1283 3244 1332 3287 d.
1355 3243 1383 3286 9
1404 3255 1474 3286 m.
1499 3242 1627 3298 Maji
1647 3255 1694 3285 a.
1721 3241 1849 3293 1601,
1878 3253 1941 3285 ac
1969 3243 2230 3296 praeterea
2255 3239 2406 3282 locus

206 3313 456 3358 Mercurii
474 3314 523 3358 d.
544 3313 603 3357 29
623 3326 694 3358 m.
713 3315 837 3370 Apr.
855 3327 903 3359 a.
923 3314 1031 3358 1601
1055 3326 1151 3369 per
1171 3315 1408 3358 calculos
1428 3317 1683 3369 repertus
1705 3312 1971 3367 Tychonis
1992 3323 2156 3354 manu
2176 3309 2261 3353 hic
2282 3321 2406 3364 pau-

206 3385 420 3429 cissima
437 3384 787 3429 inveniuntur.

348 3457 435 3500 (0⁸)
