2690 4178
735 295 1410 348 PROLEGOMENA
1437 297 1840 351 EDITORIS
2283 303 2394 355 XV

1026 433 1560 478 OBSERVATIONES

1038 493 1548 537 ASTRONOMICAE

1121 553 1463 596 ANNORVM

1239 624 1351 667 1582

1238 682 1350 726 1583

1238 741 1352 785 1584

1238 800 1351 843 1585

1238 859 1351 903 1586

774 929 1091 986 Vraniburgi
1107 930 1162 973 in
1178 931 1356 974 Insula
1375 931 1587 974 Huaena
1607 931 1805 975 habitae

728 991 911 1044 quales
930 993 1056 1033 tunc
1076 990 1334 1045 temporis
1355 1002 1480 1034 cum
1501 991 1706 1034 caelitus
1727 990 1862 1034 acci-

803 1052 1055 1104 perentur
1074 1050 1269 1105 raptim
1290 1050 1331 1093 81
1350 1050 1525 1094 subito
1547 1051 1710 1094 ductu
1729 1050 1782 1092 in

774 1108 856 1152 his
875 1108 1093 1164 pagellis
1114 1113 1387 1153 annotatae
1406 1113 1529 1153 sunt
1547 1113 1604 1153 vt
1623 1112 1810 1165 postea

845 1168 898 1211 in
918 1168 1022 1212 alio
1043 1168 1178 1212 libro
1200 1169 1384 1213 ordine
1405 1172 1552 1213 certo
1574 1170 1615 1212 ἃ
1635 1182 1742 1213 me-

810 1227 940 1271 liore
961 1228 1030 1271 ad
1050 1230 1313 1272 mundum
1334 1228 1773 1272 describerentur.

1267 1297 1320 1360 ’Β

258 1395 325 1438 At
349 1394 544 1438 infelici
569 1406 700 1438 casu
725 1393 930 1438 factum
957 1397 1053 1446 est,
1081 1397 1139 1437 ut
1165 1395 1292 1439 folia
1318 1407 1426 1439 non
1452 1406 1643 1450 pauca,
1673 1398 1961 1449 antequam
1985 1396 2157 1439 codex
2178 1408 2394 1453 compo-

188 1470 414 1518 neretur,
435 1465 814 1518 interciderint;
835 1468 952 1509 tum
972 1478 1101 1510 vero
1124 1467 1297 1510 codex
1318 1466 1364 1509 V
1378 1467 1494 1522 jam
1513 1467 1634 1510 inde
1652 1467 2028 1521 transscriptus
2050 1471 2177 1511 erat.

257 1538 439 1581 Annus
469 1536 605 1580 1582
632 1536 821 1580 desinit
845 1536 900 1579 in
926 1536 1042 1580 Oct.
1071 1538 1120 1581 d.
1149 1538 1223 1590 25,
1256 1549 1320 1581 ac
1351 1538 1542 1581 desunt
1568 1541 1690 1593 post
1716 1538 1832 1581 Oct.
1861 1538 1910 1580 d.
1940 1540 1967 1581 5
1994 1539 2392 1584 observationes

189 1609 354 1652 Lunae
375 1611 427 1653 et
446 1609 784 1664 planetarum
804 1611 856 1651 et
875 1609 1150 1652 stellarum
1169 1609 1425 1662 fixarum3
1454 1621 1520 1653 ne
1546 1610 1668 1653 loca
1696 1609 1909 1664 quidem
1937 1611 2273 1664 planetarum
2299 1624 2394 1666 per

188 1681 422 1724 calculos
442 1683 652 1735 reperta
672 1679 1024 1723 inveniuntur.

256 1752 439 1795 Annus
464 1751 600 1795 1583
619 1751 801 1807 incipit
821 1751 888 1795 ab
906 1751 934 1803 J
938 1763 1021 1794 an.
1045 1752 1094 1795 d.
1121 1751 1175 1794 19
1196 1763 1260 1795 ac
1282 1751 1472 1795 desinit
1490 1752 1543 1795 in
1565 1752 1698 1796 Nov.
1720 1752 1768 1795 d.
1786 1751 1835 1804 8;
1857 1752 2193 1796 inveniuntur
2211 1758 2393 1798 tamen

187 1823 588 1867 observationes
612 1835 803 1878 paucae
830 1823 998 1866 stellae
1024 1823 1222 1867 Polaris
1248 1823 1520 1867 mensibus
1548 1823 1683 1868 Nov.
1706 1826 1757 1867 et
1778 1823 1905 1867 Dec.
1927 1824 2104 1868 factae.
2133 1824 2391 1869 Historiae

190 1893 445 1938 Coelestis
464 1894 672 1950 paginae
692 1894 869 1938 67—72
889 1894 1080 1938 desunt
1099 1894 1223 1939 huic
1245 1895 1457 1939 codici.l

255 1966 437 2009 Annus
467 1965 603 2009 1584
629 1966 764 2010 bene
789 1966 984 2021 incipit,
1013 1968 1066 2009 et
1083 1978 1253 2021 usque
1274 1967 1344 2010 ad
1359 1966 1477 2018 Jun.
1500 1967 1549 2010 d.
1577 1966 1629 2009 17
1650 1966 1776 2009 nihil
1797 1966 1907 2010 fere
1929 1967 2096 2019 deest3
2125 1971 2241 2010 tum
2261 1980 2390 2012 vero

185 2037 306 2080 inde
326 2037 393 2081 ab
413 2037 518 2081 hoc
540 2037 623 2081 die
642 2049 812 2092 usque
830 2038 900 2081 ad
909 2037 1009 2089 Jul.
1026 2038 1075 2081 d.
1096 2038 1151 2081 10
1165 2049 1353 2082 omnes
1368 2038 1771 2082 observationes
1786 2039 1989 2081 desunt.
2012 2039 2216 2082 Desunt
2229 2040 2390 2083 etiam

186 2109 585 2153 observationes
604 2109 739 2153 Solis
752 2109 882 2165 Aug.
899 2109 948 2152 d.
971 2109 1095 2152 1819
1108 2109 1182 2162 20,
1205 2109 1340 2153 Nov.
1358 2110 1407 2153 d.
1428 2110 1498 2161 12,
1521 2110 1648 2153 Dec.
1667 2110 1715 2152 d.
1731 2109 1805 2161 30,
1828 2110 2035 2165 eclipsis
2054 2110 2250 2154 Solaris
2263 2112 2387 2166 Apr.

185 2180 234 2223 d.
249 2179 323 2232 30,
346 2181 571 2224 Lunaris
586 2180 720 2225 Nov.
737 2182 780 2233 7,
797 2180 984 2224 Martis
998 2180 1126 2225 Dec.
1144 2181 1193 2224 d.
1213 2181 1282 2233 12,
1298 2182 1572 2225 stellarum
1585 2181 1639 2224 in
1653 2181 1947 2224 meridiano
1962 2182 2090 2236 Aug.
2108 2182 2156 2224 d.
2178 2182 2229 2224 15
2249 2182 2301 2225 19
2315 2182 2386 2226 20.

253 2252 435 2295 Annus
461 2251 596 2295 1585
616 2252 872 2307 plurimas
893 2252 1106 2296 exhibet
1125 2253 1346 2296 lacunas
1367 2252 1616 2305 minores,
1640 2264 1761 2307 quae
1783 2252 2030 2296 adhibitis
2051 2253 2323 2298 codicibus
2343 2254 2389 2296 V

185 2325 237 2365 et
255 2323 299 2365 L
318 2323 518 2378 expleri
536 2327 772 2378 possunt.

253 2394 435 2438 Annus
460 2394 595 2438 1586
615 2407 770 2450 paene
789 2395 988 2451 integer
1008 2398 1101 2439 est.
1124 2396 1328 2439 Desunt
1347 2399 1558 2439 tantum
1573 2395 1974 2440 observationes
1989 2397 2240 2449 quaedam
2255 2397 2389 2439 Solis

183 2465 565 2520 pomeridianae
591 2466 640 2509 d.
666 2467 692 2509 7
719 2479 790 2510 m.
821 2466 948 2523 Maji
974 2478 1038 2510 ac
1064 2478 1240 2522 pauca
1267 2468 1389 2511 loca
1414 2468 1752 2522 planetarum
1778 2478 1873 2522 per
1899 2468 2135 2510 calculos
2161 2471 2386 2522 reperta,

185 2548 305 2591 quae
329 2540 512 2581 tamen
536 2537 648 2581 sine
675 2537 836 2582 dubio
864 2550 1160 2593 numquam
1180 2539 1233 2581 in
1253 2538 1358 2583 hoc
1379 2539 1566 2583 codice
1589 2538 1787 2593 scripta
1814 2538 2040 2581 fuerunt.
2069 2539 2186 2593 Ipse
2205 2539 2387 2593 Tycho

182 2607 286 2652 hoc
307 2620 447 2653 anno
468 2610 637 2652 multo
657 2608 853 2664 saepius
874 2621 1037 2664 quam
1058 2613 1310 2664 quattuor
1329 2609 1756 2665 praecedentibus
1777 2610 1928 2652 annis
1949 2609 2267 2652 observavit.

253 2679 312 2722 In
327 2679 431 2724 hoc
446 2679 633 2724 codice
648 2683 770 2724 ante
785 2681 834 2724 d.
850 2681 904 2723 21
922 2693 992 2724 m.
1006 2681 1135 2736 Aug.
1157 2681 1271 2724 1584
1284 2682 1435 2725 locus
1449 2681 1584 2725 Solis
1598 2693 1743 2736 saepe
1757 2680 1829 2724 ita
1843 2692 1939 2735 per
1953 2681 2188 2724 calculos
2204 2681 2388 2735 quaeri-

181 2753 281 2802 tur,
301 2753 360 2794 ut
379 2751 503 2795 bina
523 2751 877 2795 adhibeantur
896 2753 1294 2807 complementa
1314 2753 1641 2804 latitudinis²‚
1664 2753 1800 2796 sicut
1820 2764 1863 2795 e.
1886 2764 1930 2807 g.
1957 2751 2070 2794 1584
2089 2752 2212 2806 Apr.
2235 2753 2283 2795 d.
2311 2752 2384 2795 ll:

582 2835 816 2879 Altitudo
842 2841 888 2886 Θ
912 2835 1202 2901 observata
1301 2836 1361 2879 46
1421 2836 1450 2879 4
1516 2836 1568 2878 15
1689 2835 1748 2878 46
1838 2835 1867 2877 4
1932 2835 1984 2877 15

1420 2896 1449 2938 2
1539 2895 1568 2937 4
1837 2895 1866 2936 2
1956 2894 1985 2936 4

581 2971 815 3015 Altitudo
836 2983 966 3015 vera
1270 2972 1330 3015 46
1420 2972 1449 3015 6
1514 2972 1568 3015 19
1687 2971 1746 3015 46
1837 2971 1866 3015 6
1931 2971 1984 3014 19

723 3083 726 3086 Δ
1270 3032 1330 3074 34
1420 3033 1448 3074 5
1509 3031 1568 3074 30
1688 3031 1747 3074 34
1836 3031 1865 3074 9
1926 3031 1984 3073 50

582 3107 879 3152 Declinatio
905 3114 951 3159 Θ
1275 3109 1329 3151 12
1419 3109 1448 3151 0
1508 3108 1567 3152 49
1692 3108 1740 3151 ll
1806 3107 1864 3151 56
1925 3108 1983 3151 29

583 3167 731 3222 Resp.
755 3168 1052 3223 Longitudo
1078 3174 1124 3218 Θ
1304 3168 1322 3211 1
1387 3168 1446 3211 26
1507 3167 1566 3211 39
1587 3167 1643 3225 ξς
1720 3168 1738 3210 1
1810 3167 1863 3210 19
1923 3167 1982 3210 42
2003 3166 2059 3224 ξς

251 3250 262 3274 ¹
286 3249 351 3285 Ne
364 3248 408 3285 in
422 3249 567 3287 codice
580 3250 753 3296 quidem
766 3252 800 3287 V
814 3251 1099 3293 inveniuntur,
1121 3252 1176 3288 ita
1190 3255 1236 3288 ut
1248 3252 1319 3288 hic
1333 3253 1566 3288 Historiam
1585 3251 1815 3288 Coe1estem
1836 3250 2066 3287 exscribere
2085 3249 2217 3287 eoacti
2238 3249 2381 3285 simus.

181 3307 240 3343 Cf.
261 3307 369 3344 infra
387 3319 454 3354 pp.
474 3310 545 3346 274
564 3312 604 3346 et
621 3311 703 3352 277,
724 3313 865 3347 annot.

249 3368 267 3392 ²
286 3367 347 3403 Cf.
369 3367 442 3413 Op.
461 3371 560 3405 tom.
582 3369 598 3404 1
618 3380 656 3414 p.
678 3370 861 3406 XXVIII.
