2742 4204
1166 347 1281 400 1581

125 489 325 534 Lucida
346 486 567 531 vulturis
588 489 638 529 et
659 488 819 540 caput

731 544 997 600 Ophiuchi
1016 544 1074 587 33
1105 544 1164 587 26

124 610 263 652 Inter
282 606 498 650 inferius
518 616 686 649 cornu
711 609 746 656 z
768 607 820 648 et
840 603 950 647 sini·

360 666 521 709 stram
542 676 763 708 manum
784 662 995 707 Antinoi
1020 662 1074 705 14
1108 695 1118 705 .
1155 665 1183 706 ‚¹

122 726 311 782 Aquila
331 728 383 769 et
403 724 619 768 inferius
639 735 807 767 cornu
830 727 865 774 z
1015 721 1074 765 24
1104 721 1163 765 30

124 786 325 830 Lucida
345 783 565 827 vulturis
585 786 637 827 et
657 785 819 838 caput

751 840 995 885 Herculis
1014 840 1073 884 38
1105 840 1162 883 24

122 906 166 948 A
187 905 375 948 dextro
396 915 531 958 genu
552 903 604 945 in
624 901 820 945 Scheat
1045 900 1074 943 4
1105 900 1157 943 51

124 965 263 1008 Inter
281 963 546 1006 vulturem
566 964 618 1005 et
638 964 938 1004 extremam

723 1021 825 1063 alae
840 1019 996 1075 cygni
1015 1018 1073 1062 28
1104 1018 1163 1062 40

122 1084 262 1126 Inter
272 1082 396 1125 vult.
409 1047 460 1124 et
473 1080 709 1124 mediam
724 1080 825 1123 alae
840 1078 996 1135 cygni
1016 1079 1073 1122 27
1105 1078 1163 1121 45

120 1141 310 1197 Aquila
330 1143 383 1184 et
402 1139 596 1184 sinister
615 1139 946 1186 humerusm
889 1147 945 1166 *w
1015 1138 1073 1182 28
1105 1138 1163 1181 52

123 1201 391 1245 Humerus
411 1203 710 1254 vterquem
653 1208 710 1227 *w
1044 1197 1162 1300 9f55

1096 1268 1186 1301 ere

181 1320 384 1363 Distant
397 1330 492 1374 per
508 1318 746 1370 Radium‚
763 1316 1104 1361 mediocriter
1118 1317 1187 1361 se-

120 1390 250 1424 reno
271 1380 426 1423 coelo.

122 1438 356 1483 Maxime
376 1437 532 1481 austr.
555 1437 607 1480 in
628 1437 816 1480 dextra
836 1449 1002 1480 manu

200 1499 361 1542 Andr.
384 1500 436 1541 et
456 1497 704 1540 dextrum
725 1508 860 1552 genu
880 1497 993 1551 Peg.
1020 1495 1074 1539 16
1105 1497 1162 1539 55

121 1558 320 1603 Eadem
334 1558 385 1600 in
399 1569 564 1600 manu
578 1556 739 1599 Andr.
757 1559 810 1599 et
824 1567 889 1600 ea
905 1567 1026 1610 quae

179 1617 319 1662 estin
336 1616 671 1660 extremitate
686 1615 857 1659 dextri
877 1615 1026 1671 pedis

179 1677 351 1733 pegasi
1021 1674 1074 1718 19
1106 1675 1164 1718 58

181 1737 282 1780 Hae
296 1747 404 1780 non
417 1734 688 1791 perspicue
703 1734 871 1778 videri
884 1737 1184 1789 potuerunt.

120 1808 316 1852 Scheat
335 1810 387 1851 et
406 1806 683 1851 nominata
703 1818 895 1850 manus

832 1866 993 1909 Andr.
1020 1866 1074 1910 16
1104 1866 1186 1914 35}

121 1927 319 1971 Oculus
334 1925 390 1984 8
404 1929 456 1970 et
474 1937 674 1981 propus
1015 1926 1068 1969 21
1104 1926 1164 1970 38

178 1988 407 2042 Propum
432 1997 541 2030 non
565 1984 686 2029 satis
712 1983 898 2029 exacte
918 1985 1184 2030 videbam.

121 2047 319 2091 Oculus
334 2045 390 2103 ³0²
404 2048 456 2089 et
474 2057 540 2089 ea
561 2057 682 2100 quae
703 2044 809 2089 est
796 2057 848 2088 m
871 2056 956 2088 ex-

172 2105 438 2150 tremitate
458 2105 607 2160 pedis
628 2104 807 2148 sinistri
829 2105 1074 2163 Bor.][24
1136 2107 1163 2149 7

120 2166 318 2210 Oculus
333 2164 390 2223 ὅ
404 2167 456 2208 et
473 2176 538 2209 ea
553 2177 675 2219 quae
689 2165 762 2208 est
775 2164 828 2207 in
846 2166 995 2209 calce

463 2224 643 2273 sinistri
662 2224 810 2279 pedis
827 2224 1003 2282 Bor.][
1015 2225 1073 2268 25
1105 2227 1162 2269 55

119 2286 318 2339 Propus
338 2286 390 2328 et
408 2284 652 2339 proxime
671 2284 949 2328 nominata

568 2343 621 2387 in
640 2343 776 2399 pede
796 2344 1003 2401 sinist.][
1046 2344 1074 2388 4
1105 2345 1163 2388 27

177 2404 376 2458 Propus
396 2415 504 2448 non
524 2403 694 2458 potuit
713 2403 882 2447 videri
901 2404 1037 2448 satis.

121 2476 192 2519 Ea
213 2487 335 2530 quae
356 2475 429 2519 est
454 2475 507 2518 in
533 2475 869 2519 extremitate
889 2476 1038 2531 pedis

179 2535 359 2579 sinistri
389 2538 440 2578 et
466 2536 587 2578 calx
620 2534 859 2579 eiusdem
889 2535 1039 2591 pedis

179 2595 353 2651 Bor.][
1050 2596 1068 2639 1
1105 2596 1158 2639 51

119 2655 319 2698 Eadem
340 2654 450 2698 dist.
472 2654 654 2709 postea
679 2654 828 2706 1⁰50⁴,
853 2654 984 2698 alias
1051 2656 1068 2698 1
1105 2656 1164 2699 46

121 2713 467 2758 Meridionale
482 2718 645 2769 caput
657 2714 706 2771 Π
720 2718 772 2758 et
786 2727 851 2759 ea
863 2727 985 2769 quae

178 2774 252 2817 est
262 2772 315 2816 in
326 2774 476 2818 calce
487 2773 669 2817 sinistri
676 2774 825 2829 pedis
834 2775 951 2818 Bor.
960 2775 1009 2832 ][
1020 2775 1074 2818 19
1105 2776 1187 2823 22}

121 2833 305 2877 Merid.
323 2833 544 2890 caput]1
557 2836 609 2877 et
629 2845 694 2877 ea
715 2846 836 2888 quae
857 2834 931 2878 est
949 2834 1002 2877 in

148 2893 485 2937 extremitate
491 2893 640 2948 pedis
649 2893 830 2937 sinistri
838 2894 951 2938 bor.
960 2894 1008 2951 11
1015 2894 1068 2937 21
1134 2894 1163 2938 6

121 2952 466 2996 Meridionale
487 2955 649 3008 caput
667 2954 715 3010 ][
735 2956 787 2996 et
801 2965 1000 3009 propus
1015 2954 1073 2998 23
1135 2954 1163 2997 8

181 3023 363 3079 Neque
395 3024 482 3068 hic
520 3036 720 3080 propus
759 3024 879 3068 satis
913 3026 1186 3081 perspicue

120 3083 289 3138 potuit
307 3083 488 3128 videri.

342 3203 456 3246 DIE
474 3202 532 3246 28
555 3203 960 3247 NOUEMBRIS.

120 3274 215 3318 Per
235 3274 472 3317 Radium‚
496 3274 688 3318 Manus
709 3275 796 3317 sin.
820 3275 960 3318 Anti-

345 3333 434 3378 noi
455 3337 508 3377 et
526 3333 742 3378 inferius
763 3346 931 3378 cornu
955 3339 990 3387 z
1020 3334 1073 3378 14
1139 3335 1185 3383 1}

181 3418 192 3443 ¹
216 3421 362 3454 Minuta
375 3422 456 3454 sunt
468 3422 578 3455 lineis
593 3423 713 3455 erassis
727 3423 859 3456 deleta.

2232 351 2323 404 127

1261 485 1450 540 Aquila
1471 488 1523 528 et
1542 486 1758 530 inferius
1778 498 1946 530 cornu
1969 493 2003 539 z
2154 490 2211 532 24
2243 490 2300 533 34

1263 545 1456 588 Manus
1475 545 1687 589 Antinoi
1708 548 1759 588 et
1783 557 1844 589 os
1864 547 2034 602 Pegasi
2154 549 2211 591 25
2273 551 2300 592 5

1263 603 1455 647 Manus
1475 603 1686 647 Antinoi
1707 607 1758 647 et
1779 605 1865 647 sin.
1888 605 2034 649 hum.
2051 615 2108 654 zzz
2155 608 2212 650 20
2243 609 2301 650 24

2161 666 2213 768 13
2244 669 2302 768 ἐξ

1263 662 1487 706 Humeri
1506 672 1564 710 m

1262 722 1336 766 Os
1355 723 1527 777 Pegasi
1548 724 1599 765 et
1620 722 1795 766 lucida
1817 723 1938 766 colli

1262 783 1512 825 Extrema
1533 782 1635 825 alae
1656 793 1763 837 peg
1788 785 1839 825 et
1861 782 2093 837 superius

1898 853 2065 885 cornu
2078 848 2138 894 V
2156 843 2214 886 24
2245 844 2303 887 40

1260 885 1434 943 Prima
1455 900 1557 943 alae
1576 911 1689 955 peg.
1713 903 1765 943 et
1785 903 2025 944 extrema

1898 960 2136 1005 eiusdem
2164 962 2214 1004 16
2246 962 2302 1005 23

1261 1018 1456 1062 Scheat
1476 1022 1528 1062 et
1548 1019 1796 1062 dextrum
1818 1031 1953 1074 genu
1973 1022 2145 1075 pegasi
2187 1021 2214 1063 4
2246 1022 2325 1068 5242

1499 1149 1611 1192 DIE
1631 1149 1690 1193 30
1707 1150 2111 1194 NOUEMBRIS.

1260 1221 1355 1264 Per
1376 1220 1614 1264 Radium‚

1261 1281 1430 1335 Caput
1451 1280 1717 1335 Ophiuchi
1738 1284 1788 1324 et
1809 1281 1984 1325 lucida

1919 1353 2137 1384 coronae
2158 1342 2209 1385 31
2247 1342 2304 1384 46

1262 1400 1403 1443 Inter
1423 1399 1568 1443 alam
1589 1400 1745 1455 cygni
1765 1401 2010 1444 dextram

1884 1463 1935 1503 et
1955 1459 2137 1515 pectus
2187 1461 2215 1503 8
2251 1461 2303 1503 14

1262 1518 1455 1562 Manus
1464 1518 1678 1563 Antinoi
1689 1521 1740 1562 et
1750 1520 1926 1563 lucida
1938 1520 2158 1563 vulturis
2170 1521 2216 1563 10
2247 1521 2304 1564 48

1262 1579 1403 1622 Inter
1414 1577 1592 1621 sinistr.
1604 1580 1747 1622 alam
1763 1579 1917 1635 cygni
1933 1582 1984 1623 et
1994 1578 2176 1634 pectus
2188 1581 2213 1622 7
2246 1580 2327 1627 492}

1262 1638 1391 1682 Luc.
1414 1638 1637 1682 vulturis
1657 1641 1708 1682 et
1729 1640 1903 1683 cauda
1924 1639 2161 1683 eiusdem
2188 1639 2216 1682 4
2252 1640 2304 1683 12

1263 1698 1455 1741 Manus
1475 1697 1689 1742 Antinoi
1709 1701 1761 1742 et
1781 1710 1842 1742 os
1862 1699 2035 1754 Pegasi
2158 1700 2215 1742 25
2277 1701 2304 1742 5

1261 1757 1450 1812 Aquila
1472 1760 1524 1801 et
1545 1757 1634 1802 sin.
1657 1758 1913 1802 humerus
1933 1767 1990 1806 xa
2158 1759 2215 1802 28
2246 1758 2304 1801 54

1262 1818 1404 1861 Inter
1424 1817 1679 1861 humeros
1699 1827 1757 1865 m
2186 1819 2214 1861 9
2246 1818 2303 1861 54

1446 1878 1542 1920 Per
1561 1877 1870 1921 sextantem
1891 1878 2140 1922 ferreum.

1262 1937 1462 1981 Oculus
1474 1935 1531 1995 8
1545 1940 1597 1981 et
1611 1949 1675 1981 ea
1691 1949 1812 1992 quae
1832 1938 1971 1981 estin
1986 1941 2150 1981 extre-

1321 1996 1505 2040 mitate
1526 1997 1675 2052 pedis
1697 1997 1876 2041 sinistri
1898 1998 2013 2041 Bor.
2029 1998 2077 2054 ]1
2163 1997 2221 2040 24
2246 1997 2304 2041 34

1321 2067 1429 2100 non
1450 2055 1715 2100 subtracta
1735 2057 2010 2112 parallaxi.

1323 2116 1442 2160 Non
1462 2116 1559 2160 fuit
1580 2117 1702 2160 satis
1723 2117 1980 2161 serenum.

1514 2236 1626 2279 DIE
1651 2236 1669 2279 l
1695 2237 2081 2279 DECEMBRIS.

1262 2307 1445 2351 Cauda
1465 2310 1517 2351 et
1536 2306 1717 2362 pectus
1739 2308 1893 2363 cygni
2186 2309 2214 2351 6
2275 2308 2303 2350 2

1264 2367 1441 2411 Media
1461 2368 1563 2411 alae
1585 2367 1672 2410 sin.
1695 2371 1748 2410 et
1766 2367 1948 2422 pectus
2187 2369 2214 2410 7
2245 2367 2304 2409 46

1262 2427 1466 2471 Dextra
1488 2428 1573 2470 ala
1593 2430 1645 2470 et
1664 2426 1847 2482 pectus
2187 2427 2215 2469 8
2251 2427 2303 2469 15

1263 2487 1456 2530 Manus
1477 2486 1687 2530 Antinoi
1709 2490 1759 2530 et
1780 2488 1880 2531 luc.
1904 2487 2126 2530 vulturis
2163 2486 2215 2528 10
2245 2486 2327 2532 48}

1263 2546 1488 2591 Humeri
1507 2555 1565 2594 m
2186 2546 2214 2588 9
2246 2547 2302 2588 55

1458 2666 1586 2709 DIE
1607 2666 1663 2709 16
1682 2665 2129 2710 DECEMBRIS.

1321 2737 1558 2793 Ipsemet
1569 2748 1677 2792 per
1691 2737 1903 2780 radium
1927 2736 2220 2791 diligenter
2237 2736 2328 2780 ob-

1260 2797 1477 2841 seruaui
1502 2798 1648 2852 quod
1673 2797 1921 2840 extrema
1944 2797 2109 2851 pedis
2137 2798 2193 2840 et
2216 2797 2327 2839 cal-

1261 2868 1495 2901 caneum
1519 2856 1715 2901 distant
1736 2857 1757 2899 1
1769 2856 1892 2909 ⁹46⁴,
1918 2856 2073 2899 bona.

1321 2917 1432 2960 Per
1443 2915 1768 2961 sextantem
1784 2926 1986 2959 nouum
2004 2926 2111 2959 non
2133 2914 2327 2959 admit-

1263 2977 1463 3022 tentem
1483 2975 1815 3031 parallaxin.

1260 3035 1617 3091 Inter-Lyram
1631 3035 1935 3079 etlucidam
1948 3034 2188 3077 Vulturis
2199 3033 2257 3077 34
2288 3034 2328 3075 11

1260 3095 1355 3139 sed
1373 3095 1631 3140 reiterata
1653 3094 2030 3139 obseruatione

1558 3154 1749 3198 inueni
1768 3155 1825 3198 et
1843 3153 1918 3197 est
1935 3152 2139 3196 melius
2159 3152 2217 3195 34
2248 3152 2303 3195 10

1260 3215 1411 3259 Inter
1424 3214 1702 3258 Vulturem
1726 3215 1784 3257 et
1801 3224 1865 3257 os
1885 3212 2079 3267 Pegasi
2155 3211 2214 3255 28
2273 3212 2303 3253 2

1263 3274 1531 3329 Sequenti
1553 3272 1765 3328 vesperi
1783 3273 1978 3316 eadem
2002 3271 2112 3315 dist.
2154 3271 2214 3314 28
2273 3270 2303 3312 2

1262 3333 1522 3379 Secundo
1532 3332 1654 3376 rurs
1650 3343 1715 3376 us
1726 3332 1920 3376 eodem
1937 3330 2149 3386 vesperi
2155 3330 2214 3373 28
2272 3330 2303 3371 2
