2690 4178
52 1784 58 1788 .
135 1746 430 1790 distantiam
450 1757 545 1800 per
558 1746 962 1789 instrumentum
980 1751 1008 1797 (ζ
1031 1759 1062 1789 a
1082 1746 1227 1789 stella
1248 1749 1299 1789 et

1175 307 1304 358 1570
1563 307 1570 315 '
2262 318 2331 369 23

198 446 337 489 Inter
353 442 390 502 'b
407 443 615 497 insuper
638 445 690 485 et
707 443 755 497 (3·
774 445 896 485 ante
924 445 1100 485 ortum
1119 449 1163 493 Θ
1186 444 1373 497 sumpfi
1400 444 1696 488 distantiam
1718 447 1852 491 39.10
1879 450 2086 494 circiter
2112 454 2332 498 minuto-

139 517 272 557 rum,
294 503 382 546 sed
400 502 519 545 haec
540 501 838 545 obseruatio
861 501 1110 556 ambigua
1130 502 1216 554 est,
1238 514 1461 557 magnus
1481 507 1662 547 tamen
1683 517 1831 549 error
1851 508 1949 551 esse
1969 511 2160 563 nequit.

197 563 326 608 Esset
343 561 490 604 iuxta
510 560 905 605 obseruationes
919 564 1137 614 propter
1149 572 1346 615 paruas
1367 561 1535 605 stellas
1554 563 1606 605 in
1628 564 1775 607 coxis
1791 564 1843 622 Ω
1861 565 1915 608 in
1935 568 2107 621 capite
2123 568 2187 626 m)
2203 583 2333 624 prae-

140 623 400 672 cedentes,
421 621 571 664 locus
589 620 638 675 ἅ
655 619 709 662 in
732 619 809 664 12}
825 617 891 676 m)
907 630 1032 662 cum
1053 620 1141 662 lat.
1157 620 1210 665 3}
1224 620 1441 672 boreali,
1459 624 1509 663 et
1529 621 1600 665 est
1620 623 1688 665 fic
1710 624 1829 667 satis
1854 624 1994 668 bona
2019 626 2330 673 obseruatio.

682 725 795 768 DIE
820 724 874 768 16
889 725 1036 777 JAN:
1061 726 1343 768 ECLIPSIS
1365 726 1790 773 ALDEBORAE1.

196 799 345 844 Hora
358 798 386 841 6
400 797 695 851 vespertina
714 797 851 840 coelo
867 796 1180 840 serenissimo
1196 797 1522 840 Aldeboram
1538 797 1625 840 seu
1646 800 1861 842 oculum
1875 802 2012 844 tauri
2032 803 2334 857 conspicere

139 871 243 904 non
262 856 424 913 potui,
446 856 798 910 eclipsabatur
818 856 960 898 enim
980 859 1106 899 tunc
1126 856 1383 910 temporis
1404 868 1435 898 a
1457 856 1721 910 superiore
1742 869 1909 902 cornu
1929 861 2084 904 lunae.
2107 863 2229 905 Erat
2248 875 2334 906 au-

137 923 245 963 tem
259 916 471 972 quando
486 915 719 970 primum
735 915 841 957 vidi
854 914 995 958 hanc
1010 915 1214 958 stellam
1234 926 1341 957 non
1359 926 1618 969 apparere
1634 917 1852 961 altitudo
1867 919 2059 963 lucidae
2078 924 2130 963 et
2143 923 2333 965 mediae

138 989 203 1022 ex
219 976 385 1020 tribus
403 974 457 1018 in
478 974 687 1018 ceruice
709 973 763 1032 Ω
778 973 806 1017 9
826 975 1103 1028 graduum.
1122 974 1347 1026 Quando
1371 973 1591 1017 altitudo
1613 977 1789 1019 cordis
1805 976 1858 1034 Ω
1875 982 1989 1020 erat
2008 979 2059 1023 7}
2073 991 2180 1022 non
2199 981 2335 1023 vide-

139 1038 262 1080 bam
282 1035 474 1086 adhuc,
497 1034 583 1077 sed
604 1034 766 1076 credo
789 1034 932 1087 quod
950 1037 1077 1077 tunc
1097 1034 1354 1088 temporis
1375 1033 1743 1087 egrediebatur
1763 1047 1958 1091 corpus
1978 1038 2134 1091 lunae,
2156 1040 2334 1083 videre

138 1098 315 1139 autem
334 1092 550 1148 praecise
569 1104 678 1136 non
697 1093 845 1147 potui
865 1096 1082 1147 propter
1100 1093 1280 1136 radios
1302 1093 1541 1147 corporis
1568 1094 1781 1138 lunaris.
1806 1096 1937 1138 Cum
1958 1108 2085 1140 vero
2115 1098 2333 1142 altitudo

137 1154 311 1200 cordis
326 1152 379 1211 Ω
394 1155 509 1196 erat
522 1152 550 1195 9
565 1153 709 1207 grad.
725 1152 783 1194 25
804 1152 928 1195 min.
952 1152 1250 1195 sensibiliter
1270 1154 1385 1194 erat
1404 1153 1528 1194 luna
1546 1154 1904 1208 praetergressa
1919 1154 2113 1198 dictam
2134 1157 2335 1200 stellam

137 1225 229 1270 per
250 1212 461 1256 tertiam
487 1211 732 1255 videlicet
757 1216 966 1266 partem
994 1212 1100 1255 suae
1126 1210 1537 1254 illuminationis.
1568 1212 1690 1255 Erat
1717 1216 1898 1257 autem
1923 1215 2142 1259 latitudo
2170 1219 2335 1260 centri

136 1272 330 1317 lunaris
349 1272 507 1327 paulo
529 1271 927 1314 meridionalior
944 1270 1055 1325 ipsa
1076 1271 1221 1314 stella
1241 1281 1336 1326 per
1354 1271 1378 1317 ἓ
1392 1270 1547 1324 ipsius
1569 1271 1941 1316 semidiametri
1962 1274 2174 1318 lunaris.

194 1332 251 1375 In
277 1330 547 1374 altitudine
573 1330 750 1374 cordis
772 1329 826 1388 Ω
855 1330 932 1376 171
955 1330 1180 1374 distabat
1208 1335 1236 1382 (ζ
1266 1343 1298 1373 a
1544 1346 1579 1379 A

135 1391 277 1435 stella
294 1401 391 1445 per
407 1390 755 1444 quantitatem
777 1390 883 1432 suae
903 1389 1299 1433 illuminationis

135 1453 186 1494 et
201 1453 314 1494 erat
329 1449 726 1493 meridionalior
742 1449 852 1503 ipsa
867 1449 1011 1492 stella
1022 1450 1059 1501 ὲ,
1073 1452 1125 1492 et
1138 1450 1297 1504 paulo

135 1509 247 1565 post
259 1509 471 1564 quando
488 1508 707 1552 altitudo
722 1510 770 1564 (ἶ
783 1508 938 1563 supra
948 1508 1298 1553 Horizontem

135 1571 247 1613 erat
255 1568 323 1620 3³2,
332 1568 440 1611 vidi
451 1569 594 1622 quod
608 1568 734 1611 luna
744 1569 862 1622 plus
874 1568 1100 1611 distabat
1110 1581 1142 1611 a
1154 1568 1299 1611 stella

135 1640 295 1683 quam
322 1630 439 1671 erat
465 1628 570 1670 suae
596 1627 992 1670 illuminationis
1013 1628 1295 1681 quantitaS.

135 1687 356 1740 Quando
379 1690 559 1730 autem
580 1687 802 1731 altitudo
828 1688 876 1742 ὅ
895 1690 1011 1730 erat
1030 1687 1127 1738 233,
1145 1687 1298 1730 sumfi

1840 1636 1922 1667 Abc
1937 1647 2022 1676 pars
2035 1639 2250 1678 illuminata,

1840 1684 1890 1722 ph
1905 1684 2070 1717 distantia
2083 1687 2120 1718 in
2137 1689 2198 1720 alt.
2213 1687 2335 1720 cordis

1842 1723 1883 1770 Ω
1901 1733 1992 1770 9.25,
2006 1733 2036 1764 if
2046 1735 2118 1765 dist.
2132 1736 2172 1767 in
2191 1736 2249 1767 alt.
2269 1730 2334 1775 17{

137 1806 147 1815 ι
292 1806 302 1816 ⁰
602 1806 611 1814 .
1840 1778 1877 1809 in
1888 1778 1950 1810 lin.
1964 1781 2025 1819 mi,
2035 1790 2081 1821 eg
2091 1783 2162 1814 dist.
2178 1784 2216 1814 in
2227 1781 2330 1820 alud*

134 1817 305 1849 inueni
316 1817 437 1849 eam
449 1806 666 1860 praeclfe
679 1805 696 1848 1
709 1817 912 1861 gr.cum
926 1806 1118 1849 eadem
1130 1807 1218 1848 lat.
1239 1811 1266 1857 (ζ
1286 1840 1296 1849 .
1568 1836 1585 1864 1,
1841 1821 1909 1866 23}
1920 1827 1956 1858 in
1971 1827 2033 1859 nn.
2048 1830 2105 1861 dc.

443 1930 933 1974 CONSIDERATIO
954 1930 1454 1974 ANTECEDENTIS
1477 1930 2019 1977 OBSERUATIONIS.

189 2001 417 2044 Primum
445 2013 512 2045 ex
538 2001 810 2045 altitudine
838 2002 1015 2045 cordis
1037 2001 1108 2059 Ω,
1126 2014 1247 2056 quae
1274 2007 1389 2045 erat
1416 2014 1538 2045 cum
1567 2004 1691 2045 luna
1719 2003 1930 2046 distaret
1957 2016 1986 2046 a
2015 2005 2172 2056 stella,
2195 2005 2332 2048 linea

132 2060 202 2115 hp
221 2060 269 2103 9⁰
283 2060 375 2112 25¹,
391 2061 654 2115 inquiram
676 2073 863 2104 veram
882 2062 1077 2104 horam
1098 2065 1149 2104 et
1169 2062 1434 2104 minutum
1449 2074 1515 2105 ex
1528 2062 1719 2105 tabulis
1741 2063 1943 2105 sinuum
1964 2063 2067 2106 hoc
2082 2062 2254 2118 pacto,
2270 2076 2333 2107 ea

133 2123 310 2163 autem
332 2132 453 2175 quae
473 2121 525 2163 in
544 2124 797 2175 promptu
818 2121 917 2164 esse
939 2123 1165 2175 oportet,
1188 2121 1307 2164 haec
1331 2122 1458 2164 sunt.

190 2179 364 2223 Locus
379 2180 556 2224 cordis
566 2179 620 2238 Ω
631 2180 689 2223 23
709 2180 783 2223 48¹
790 2179 860 2238 Ω,
874 2182 962 2223 lat.
973 2180 1015 2224 0.
1026 2180 1079 2223 10
1095 2181 1147 2232 Β,
1162 2181 1348 2224 declin.
1366 2180 1494 2224 13.46
1510 2181 1643 2234 Bor„
1657 2182 1848 2235 compl.
1861 2181 2009 2233 76.14,
2021 2182 2156 2225 sinus
2170 2181 2330 2225 97127.

131 2262 242 2306 Arc.
264 2261 407 2307 reeta
429 2263 589 2307 rtenae
615 2263 792 2316 146.11‚
815 2263 1036 2307 a1titud0
1060 2263 1239 2318 p01148
1276 2264 1343 2316 15,
1368 2263 1717 2318 comp1.41.45
1742 2239 1748 2346 Ι
1772 2246 1919 2330 6831511583

839 2348 1016 2390 Locus
1037 2353 1081 2397 ε)
1102 2347 1208 2390 6.10
1227 2357 1300 2398 m,
1320 2347 1434 2390 Asc.
1458 2347 1509 2390 R.
1556 2347 1721 2390 308.34

840 2406 1071 2450 Altitudo
1093 2407 1389 2450 meridiana
1410 2407 1569 2449 stellae
1590 2405 1719 2449 5531
1780 2406 1926 2449 82429

839 2466 1072 2510 Altitudo
1096 2466 1377 2509 observata
1399 2466 1558 2509 stellae
1619 2465 1723 2508 925
1749 2404 1754 2529 Ι
1785 2465 1921 2508 16361

1341 2538 1476 2580 finus
1495 2540 1638 2580 totus
1658 2537 1731 2580 est
1755 2536 1927 2579 100000

189 2619 478 2675 Multiplico
500 2620 653 2675 igitur
672 2621 842 2663 finum
864 2621 1151 2664 altitudinis
1175 2620 1488 2663 meridianae
1510 2620 1670 2663 stellae
1692 2632 1813 2674 quae
1837 2620 1910 2662 est
1929 2618 2075 2662 82429
2095 2620 2146 2662 in
2167 2620 2331 2662 sinum

128 2680 299 2721 totum
319 2683 371 2723 et
389 2680 700 2734 producitur
719 2679 1032 2732 8242900000,
1048 2680 1169 2723 haec
1191 2680 1370 2723 diuido
1391 2679 1444 2722 in
1465 2680 1630 2722 sinum
1652 2679 2029 2733 complementi
2050 2679 2332 2721 altitudinis

128 2738 236 2792 poli
261 2750 308 2793 q.
338 2750 383 2783 e.
410 2738 558 2782 66588
584 2743 637 2783 et
663 2740 971 2794 relinquitur
998 2740 1272 2783 inventurn
1299 2740 1532 2793 primum
1563 2738 1750 2790 123789,
1780 2738 1967 2782 deinde
1997 2738 2135 2781 duco
2166 2738 2332 2780 finum

129 2797 411 2842 altitudinis
431 2798 592 2842 stellae
609 2799 762 2854 supra
782 2799 1137 2850 horizontem,
1155 2800 1245 2853 qui
1264 2799 1337 2841 est
1355 2798 1491 2841 16361
1512 2799 1563 2840 in
1578 2799 1744 2841 sinum
1758 2801 1945 2845 totum,
1962 2800 2013 2840 et
2025 2798 2333 2851 producitur

133 2855 437 2910 1636100000,
454 2870 575 2912 quae
596 2859 776 2902 diuido
797 2859 974 2902 rursus
989 2870 1084 2913 per
1099 2859 1266 2901 finum
1288 2859 1668 2912 complementi
1690 2857 1974 2900 altitudinis
1987 2857 2094 2910 poli
2114 2860 2164 2899 et
2183 2857 2331 2899 relin-

129 2916 301 2969 quitur
320 2916 596 2960 inventum
618 2918 906 2962 secundum
926 2917 1089 2962 24571.
1109 2917 1228 2961 Hoc
1250 2917 1500 2961 subtraho
1523 2917 1589 2960 ab
1612 2917 1826 2960 invento
1847 2916 2020 2970 primo
2042 2919 2092 2958 et
2111 2915 2332 2970 produc-

127 2976 240 3018 tum
272 2975 325 3018 in
357 2977 523 3021 finum
557 2980 728 3020 totum
763 2977 1072 3032 multiplico,
1103 2980 1345 3020 remanet
1377 2976 1687 3028 9921800000,
1721 2988 1840 3030 quae
1871 2975 2049 3018 dluido
2082 2976 2134 3017 in
2166 2975 2330 3017 finum

128 3035 505 3089 complementi
519 3036 885 3080 declinationis
906 3037 1068 3080 stellae
1083 3036 1173 3091 qui
1193 3039 1308 3080 erat
1326 3035 1488 3086 97127,
1506 3035 1814 3090 producitur
1834 3036 2105 3078 inventum
2118 3034 2330 3077 tertium

133 3091 315 3137 102152.
332 3095 412 3138 Ab
434 3095 538 3140 hoc
559 3097 773 3140 invento
793 3096 949 3139 tertio
977 3095 1228 3139 subtraho
1251 3096 1419 3138 finum
1438 3098 1626 3146 totum,
1651 3095 1772 3148 quia
1793 3105 1857 3137 eo
1879 3093 2051 3136 maius
2077 3093 2164 3144 est,
2187 3095 2238 3135 et
2256 3103 2331 3134 re-

127 3156 307 3197 manet
320 3155 456 3198 finus
470 3155 603 3208 2152,
621 3156 769 3199 cuius
791 3167 948 3198 arcus
966 3156 1040 3198 est
1057 3155 1110 3198 1εἴ
1121 3155 1208 3207 14¹,
1226 3154 1348 3198 huic
1370 3155 1510 3197 addo
1527 3154 1878 3208 quadrantem
1896 3156 1946 3196 et
1959 3153 2133 3207 prodit
2148 3152 2330 3195 distan-

126 3211 196 3254 tia
218 3212 377 3257 stellae
397 3227 429 3257 a
449 3216 746 3258 meridiano
766 3215 854 3258 91²
871 3214 958 3266 14⁴,
982 3227 1103 3269 quae
1124 3215 1159 3257 fi
1181 3214 1249 3257 ab
1272 3214 1571 3257 ascensione
1591 3211 1735 3256 recta
1756 3213 1915 3256 stellae
1936 3223 2055 3266 quae
2076 3211 2148 3254 est
2172 3210 2325 3253 146.11

127 3358 163 3390 d·
188 3308 200 3334 ¹
222 3313 264 3344 In
277 3314 443 3354 margine
456 3315 680 3355 adscriptum
694 3315 758 3347 est:
772 3323 788 3342 »
802 3309 830 3355 (ζ
840 3315 878 3346 in
893 3315 1053 3346 maxima
1065 3315 1142 3346 fere
1155 3323 1177 3346 a
1187 3319 1282 3346 terra
1294 3314 1505 3346 remotione
1520 3319 1595 3345 erat
1607 3319 1642 3344 et
1655 3313 1754 3344 iuxta
1768 3312 1964 3343 maximam
1974 3310 2203 3342 latitudinem
2220 3309 2328 3341 Meri-

153 3367 312 3392 ianam«.
