2742 4204
1198 339 1313 392 1581
2281 345 2349 397 95

439 479 751 524 Differentia
778 477 1100 521 Ascenfionis
1125 475 1286 520 rectae
1312 481 1340 528 (ζ
1366 480 1418 520 et
1442 478 1599 533 medij
1628 479 1749 521 coeli
1774 478 1922 521 58.53.
1953 480 2087 523 Hinc
2115 483 2350 526 calculus

439 539 652 583 exhibet
674 537 738 581 H.
757 536 1005 580 8.2‘.24⁴‘¹.

187 601 247 644 8Η
266 599 330 642 4Μ
341 599 423 643 353
438 598 535 642 fuit
557 603 586 650 (ζ
606 598 661 641 in
681 597 916 640 azimuto
935 595 1009 638 16⁰
1018 594 1093 637 44⁴
1106 596 1310 639 ratione
1327 595 1476 639 limbi
1495 596 1788 647 illuminati,
1804 596 2005 639 habens
2027 599 2351 643 altitudinem

439 657 519 701 310
530 657 605 700 45’
621 656 826 700 ratione
849 654 1075 709 supremi
1094 654 1280 698 limbi2.

441 716 541 760 Hic
563 714 868 759 manifestus
889 716 1005 758 erat
1024 712 1260 757 defecstus
1280 714 1484 757 externi
1501 713 1663 756 limbi.

188 779 216 823 8
250 778 303 821 15
333 776 392 820 30
558 811 567 820 .
612 811 622 820 .
1102 809 1112 818 .
1193 809 1202 817 .
1452 808 1461 817 .
1629 809 1638 817 .
1683 809 1692 817 .

187 838 216 882 8
250 836 327 883 12}
341 847 477 880 con..
518 810 726 854 Sinister
744 809 1001 853 humerus
1022 808 1232 852 Orionis
1250 809 1487 852 tranfiuit
1507 809 1876 852 meridianum.

188 896 216 940 8
245 896 299 940 21
333 895 392 939 30
441 894 702 950 Suprema
722 892 921 936 balthei
941 891 1152 936 Orionis
1171 892 1269 935 fuit
1287 892 1340 934 in
1360 891 1671 935 meridiano.

189 956 217 999 8
246 955 304 999 26
334 954 393 998 30
444 954 621 997 Media
641 952 840 996 balthei
860 951 958 994 fuit
976 951 1029 994 in
1051 952 1362 994 meridiano.

189 1015 217 1059 8
246 1015 299 1059 31
335 1013 393 1057 50
442 1013 634 1056 Infima
654 1012 853 1056 balthei
871 1011 970 1054 fuit
989 1011 1041 1054 in
1060 1010 1357 1054 meridiano
1378 1012 1430 1053 et
1455 1011 1596 1052 lunae
1616 1010 1770 1053 tertia
1790 1021 1914 1064 pars
1940 1010 2036 1053 fuit
2062 1011 2354 1056 obscurata.

189 1075 217 1118 8
246 1074 307 1119 44.
484 1072 720 1189 }Dexter
738 1071 993 1115 humerus
1008 1070 1219 1114 Orionis
1239 1069 1337 1112 fuit
1355 1070 1408 1112 in
1428 1069 1739 1121 meridiano,
1756 1081 1850 1123 per
1869 1070 2168 1124 pinnacidia
2190 1071 2358 1114 obser-

189 1134 217 1178 8
246 1134 330 1180 42}
342 1144 480 1176 corr.
519 1135 692 1184 uatus,
706 1134 864 1185 atque
879 1141 1006 1174 cum
1020 1129 1107 1173 hic
1120 1130 1366 1172 transitus
1380 1140 1475 1183 per
1488 1128 1843 1171 meridianum
1857 1129 2014 1172 fuerit
2027 1129 2237 1183 reliquis
2252 1141 2358 1173 cer-

440 1193 545 1236 tior
573 1191 821 1248 [indicem
849 1189 1106 1245 horologij
1141 1189 1340 1232 retraxi
1372 1188 1415 1230 10
1438 1187 1557 1244 30⁴³]
1592 1188 1758 1231 Lunae
1791 1191 1971 1232 autem
2001 1188 2275 1231 dimidium
2306 1190 2358 1232 in

442 1251 692 1295 Vmbram
711 1249 1020 1293 immersum
1040 1248 1140 1292 esse
1159 1249 1454 1292 videbatur.

501 1310 703 1355 Priores
730 1309 955 1352 humero
987 1308 1175 1351 dextro
1205 1307 1415 1351 Orionis
1442 1307 1708 1350 stellarum
1732 1307 1976 1350 transitus
1998 1318 2092 1361 per
2122 1307 2360 1351 meridia-

442 1383 573 1414 num
594 1370 708 1413 sunt
726 1371 945 1425 propter
964 1368 1187 1411 nebulas
1206 1367 1374 1410 notati
1393 1378 1488 1421 per
1506 1367 1725 1421 planum
1747 1366 2069 1420 quadrantis.
2094 1366 2210 1410 Hoc
2232 1370 2360 1410 tem-

442 1442 541 1485 pus
555 1441 682 1473 cum
699 1428 947 1472 omnibus
962 1427 1225 1482 prioribus
1246 1424 1547 1470 correctum
1565 1425 1636 1469 est
1652 1426 1718 1468 ad
1732 1426 2006 1468 transitum
2021 1426 2226 1469 humeri
2241 1427 2360 1469 dex—

442 1489 509 1533 tri
529 1489 755 1533 Orionis.

191 1550 220 1594 8
249 1550 307 1593 52
444 1548 692 1604 Corporis
711 1547 910 1591 lunaris
929 1547 952 1594 i
971 1546 1291 1590 videbantur
1311 1545 1624 1589 obscuratae.

506 1606 807 1653 Obseruaui‘
833 1607 1077 1661 tempore
1101 1603 1333 1660 Ecliplis
1354 1604 1656 1648 distantiam
1685 1609 1714 1655 (ζ
1739 1614 1772 1647 a
1792 1603 1956 1646 corde
1979 1602 2033 1661 Ω
2056 1604 2115 1646 vt
2129 1602 2366 1658 [equitur

440 1678 543 1723 pro
565 1666 901 1711 verificando
921 1665 1104 1709 cordis
1126 1665 1180 1723 Ω
1200 1665 1339 1708 Ioco.

193 1728 221 1772 9
280 1727 308 1771 6
446 1728 550 1772 Cor
570 1727 624 1786 Ω
640 1727 864 1771 distabat
884 1739 916 1770 a
944 1730 974 1778 (t
993 1734 1021 1754 ⁸⁸
1036 1726 1201 1769 limbo
1224 1724 1466 1768 orientali
1489 1723 1563 1767 130
1579 1722 1671 1775 42⁴,
1688 1723 1864 1766 adhuc
1886 1723 2092 1767 nebulae
2114 1723 2361 1777 quaedam

446 1791 612 1831 erant.

193 1847 222 1891 9
256 1847 309 1890 16
447 1845 779 1890 Archited’tus
800 1844 930 1888 dixit
955 1850 983 1897 (ζ
1007 1847 1181 1889 totam
1201 1843 1519 1888 offuscatam
1540 1842 1653 1886 esse.

194 1907 222 1951 9
256 1907 309 1950 l8
449 1906 581 1950 Mihi
597 1906 879 1950 videbatur
897 1905 1130 1960 primum
1150 1906 1265 1948 tota
1285 1903 1584 1955 obscurata,
1607 1902 1730 1957 quia
1752 1901 2092 1946 occidentalis
2118 1906 2146 1952 (ζ
2171 1901 2362 1944 limbus

448 1966 627 2021 aliqua
652 1977 719 2010 ex
738 1968 890 2021 parte
910 1965 1111 2008 sursum
1133 1962 1371 2018 specstans
1397 1963 1624 2006 clariore
1650 1961 1847 2004 lumine
1868 1973 2029 2015 quam
2055 1961 2273 2014 reliquae
2292 1962 2363 2003 lu-

446 2026 590 2070 naris
610 2025 851 2080 corporis
870 2027 1050 2079 partes
1068 2023 1350 2067 illustratus
1371 2022 1547 2065 adhuc
1567 2021 1678 2064 fuit.

508 2085 626 2130 Hoc
641 2088 885 2140 tempore
899 2083 1143 2140 proxime
1159 2086 1344 2127 notato
1360 2082 1514 2125 Canis
1536 2081 1709 2125 maior
1721 2080 1819 2123 fuit
1831 2079 1884 2122 in
1897 2079 2143 2122 Azimuto
2162 2079 2229 2122 ab
2245 2082 2363 2122 ortu

447 2145 628 2189 versus
648 2144 926 2189 Meridiem
946 2143 1026 2187 850
1041 2143 1104 2196 9‘,
1120 2142 1352 2186 Altitudo
1886 2139 1959 2181 170
1968 2138 2043 2181 48’

196 2205 225 2250 9
254 2205 312 2249 50
449 2205 673 2249 distabat
692 2216 787 2249 cor
808 2203 862 2262 Ω
884 2216 916 2247 a
936 2202 1102 2247 limbo
1129 2207 1158 2254 (ζ
1185 2203 1254 2246 ad
1275 2205 1451 2246 ortum
1472 2203 1718 2256 vergente
1883 2198 1935 2241 13
1972 2197 2024 2240 18
2083 2192 2363 2248 P‘0Ptefffebu·

172 2265 224 2309 10
283 2265 312 2308 6
450 2265 653 2308 Lucida
673 2264 898 2308 ceruicis
913 2262 968 2321 Ω
983 2263 1208 2307 distabat
1228 2275 1260 2305 a
1274 2262 1366 2305 sibi
1385 2261 1630 2315 proximo
1649 2265 1677 2311 c(
1694 2259 1857 2302 limbo
1883 2259 1935 2300 15
1966 2257 2047 2302 47ὲ
2090 2238 2352 2318 ζ’ἕζζζῗῖζ

173 2324 226 2368 10
254 2324 313 2368 30
450 2324 673 2368 distabat
692 2324 885 2367 eadem
904 2322 1110 2367 ratione
1132 2335 1164 2365 a
1185 2323 1310 2365 luna
1330 2321 1512 2365 ceruix
1527 2319 1581 2378 Ω
1884 2317 1936 2359 15
1967 2317 2025 2359 42
2127 2334 2317 2365 fidendum

172 2383 226 2427 10
255 2383 312 2427 40
451 2385 602 2427 Luna
622 2383 903 2427 videbatur
921 2382 1154 2438 incipere
1173 2381 1479 2424 luminosior
1497 2379 1612 2423 fieri
1630 2379 1683 2421 in
1703 2377 1998 2433 egrediente
2018 2376 2197 2419 limbo.

173 2443 227 2487 10
255 2443 313 2486 43
451 2443 606 2487 Canis
625 2454 801 2487 maior
819 2442 917 2487 fuit
936 2443 987 2486 in
1009 2441 1257 2485 Azimuto
1278 2439 1412 2484 73.42
1434 2440 1501 2483 ab
1523 2438 1715 2483 occasu
1741 2436 1920 2480 versus
1946 2434 2236 2486 meridiem,
2259 2434 2366 2477 alti-

449 2503 629 2547 tudine
653 2502 824 2550 16.40÷.

449 2562 593 2606 Tunc
613 2562 886 2618 perspicue
905 2561 1187 2605 videbatur
1206 2559 1337 2603 mihi
1362 2560 1486 2602 luna
1511 2555 1840 2612 recuperasse
1863 2554 2073 2597 luminis
2100 2553 2295 2607 aliquid
2315 2554 2366 2595 in

450 2622 712 2667 exteriore
730 2621 913 2666 limbo.

175 2680 228 2724 10
257 2681 315 2725 49
450 2682 590 2726 Talis
610 2681 741 2725 mihi
761 2681 1058 2736 apparebat
1077 2681 1217 2723 luna.

512 2742 754 2796 Reliquas
774 2741 922 2784 faces
942 2741 1083 2783 lunae
1097 2739 1351 2782 vmbram
1372 2736 1681 2792 egredientis
1696 2731 2025 2777 Architezstus
2041 2732 2146 2786 pin-

452 2801 527 2844 xit
548 2800 840 2856 quamlibet
866 2801 935 2844 ad
956 2800 1106 2843 suum
1125 2802 1338 2853 tempus
1357 2800 1415 2840 vt
1434 2796 1486 2839 in
1507 2795 1611 2838 alia
1631 2794 1860 2837 habetur
1879 2792 2105 2836 charta4.

175 2859 224 2902 11
263 2859 311 2903 11
453 2860 676 2905 distabat
696 2860 878 2904 ceruix
900 2858 954 2918 Ω
977 2872 1009 2902 a
1028 2859 1193 2902 limbo
1220 2862 1249 2909 (ζ
1275 2856 1366 2900 sibi
1385 2856 1632 2911 proximo
1657 2854 1786 2896 1527
1805 2852 1932 2904 fere,
1956 2849 2010 2894 ἐν
2029 2847 2222 2893 πλάτει.
2246 2847 2368 2890 Reli-

454 2932 575 2975 quae
608 2919 865 2964 distantiae
895 2919 1161 2962 stellarum
1193 2916 1247 2976 Ω
1278 2929 1310 2959 a
1339 2917 1463 2959 luna
1493 2914 1777 2958 difficulter
1804 2910 1961 2954 fadiae
1992 2910 2124 2960 sunt,
2155 2910 2369 2963 propter

453 2980 765 3024 nebulosum
786 2981 970 3022 aerem
990 2980 1042 3022 et
1062 2976 1439 3021 obscuritatem
1455 2975 1612 3025 lunae,
1630 2983 1794 3027 quare
1814 2969 1987 3014 nescio
2010 2981 2077 3011 an
2096 2968 2149 3010 in
2167 2966 2369 3010 uniuer-

453 3039 565 3083 sum
585 3039 704 3094 ipsis
723 3038 1000 3082 fidendum
1020 3037 1093 3080 sit.

177 3096 226 3140 11
260 3099 316 3141 57
365 3098 394 3141 0
454 3098 748 3143 Videbatur
761 3098 915 3142 nobis
928 3098 1113 3140 lunare
1132 3106 1327 3150 corpus
1340 3093 1566 3138 rotunde
1583 3091 1950 3140 illuminatum,
1966 3088 2054 3131 etsi
2072 3083 2368 3140 superficies

455 3170 576 3213 quae
590 3158 856 3214 postremo
874 3158 1056 3200 lumen
1070 3156 1220 3199 suum
1241 3152 1578 3209 recuperauit
1597 3151 1694 3194 fuit
1712 3149 1986 3205 paululum
2007 3144 2276 3190 obscurior
2295 3154 2369 3185 re-

453 3217 607 3272 liquis
632 3222 662 3269 (ζ
686 3217 941 3273 partibus.

233 3303 245 3327 ¹
267 3307 309 3337 In
322 3306 487 3347 margine
499 3306 733 3347 adscriptum.

231 3349 249 3375 ²
267 3354 500 3394 Adscriptum
515 3354 562 3386 est
573 3354 612 3386 in
626 3354 809 3395 margine:
827 3353 1022 3385 »Azimuta
1035 3351 1151 3383 centri
1165 3351 1247 3382 runt
1264 3351 1377 3387 16.29‚
1391 3349 1559 3381 Altitudo
1573 3356 1662 3379 vero
1677 3347 1816 3378 31.30«.

232 3397 249 3423 ³
269 3402 362 3433 Haec
374 3402 472 3433 linea
484 3401 633 3434 indu&
646 3402 739 3433 sunt.

232 3445 249 3470 4
269 3449 362 3480 Haec
376 3450 502 3481 charta
511 3449 550 3480 in
564 3449 696 3481 codice
710 3458 789 3480 non
802 3448 990 3488 reperitur.
