2742 4204
378 280 447 332 70
1390 280 1516 332 1578

378 416 516 459 Inter
535 416 881 460 borealiorem
900 416 1066 459 tertiae
1086 429 1220 470 mag.
1242 417 1294 459 in
1313 428 1477 460 cornu
1498 417 1680 460 dextro
1699 422 1758 469 V
1777 421 1827 460 et
1846 417 2162 471 postremam

1950 476 2049 517 alae
2067 474 2236 528 pegasi
2254 474 2331 517 24ο
2341 474 2415 517 28⁴

377 532 515 575 Inter
534 536 691 587 caput
709 533 1061 576 Andromedae
1081 536 1132 575 et
1151 534 1373 575 eandem
1392 533 1443 574 in
1464 543 1628 575 cornu
1648 533 1831 575 dextro
1851 537 1910 583 V
2254 532 2312 574 25
2346 531 2399 575 10

378 590 625 633 Distantia
643 591 776 633 inter
794 594 951 644 eaput
969 591 1320 633 Andromedae
1346 594 1396 632 et
1415 590 1731 643 postremam
1758 591 1858 632 alae
1877 590 2045 644 pegafi
2072 589 2223 643 supra
2246 593 2426 633 notata
2446 590 2529 633 est.

377 648 515 691 Inter
534 652 690 702 caput
709 649 1060 691 Andromedae
1080 651 1130 690 et
1150 648 1377 691 lucidam
1398 647 1550 701 baltej
1573 647 1681 690 eius
2260 647 2313 690 14
2347 648 2399 690 16

377 705 515 749 Inter
533 707 756 749 eandem
776 707 927 761 baltej
950 709 1001 748 et
1020 706 1367 749 borealiorem
1387 705 1553 747 dextri
1574 716 1738 747 cornu
1756 709 1816 755 V
1834 717 2005 759 magn.
2026 704 2084 747 3³
2259 705 2310 747 17
2340 705 2398 747 45
2428 705 2519 748 30”

376 763 542 818 Supra
563 765 686 807 data
705 764 775 807 est
794 764 1028 806 distantia
1052 763 1184 806 inter
1203 766 1360 816 caput
1378 763 1731 805 Andromedae
1750 765 1802 804 et
1821 762 2015 805 boreal.
2038 763 2205 805 dextri
2225 773 2387 806 cornu
2406 768 2478 815 V.

377 821 515 864 Inter
533 822 761 865 lucidam
782 822 934 876 baltej
956 822 1113 863 Andr.
1136 824 1186 863 et
1205 821 1434 863 lucidam
1452 820 1504 862 in
1524 819 1818 863 summitate
1839 820 2022 874 capitis
2040 825 2100 872 V
2260 821 2311 863 17
2347 821 2423 867 15}

376 879 514 922 Inter
533 880 754 922 eandem
775 879 957 933 capitis
975 884 1035 930 V
1053 882 1103 920 et
1123 878 1370 921 sinistrum
1390 878 1578 931 pedem
1597 878 1950 921 Andromedae
2261 878 2313 920 18
2342 878 2424 924 43}

375 937 514 980 Inter
531 938 670 980 hunc
690 938 879 991 pedem
898 940 949 981 et
968 936 1197 980 lucidam
1218 936 1371 989 baltej
1392 936 1523 978 And.
2260 936 2312 978 14
2348 936 2400 979 16

376 995 515 1038 Inter
531 995 812 1039 informem
833 998 1033 1049 quartae
1053 993 1417 1048 magnitudinis
1438 994 1590 1047 supra
1608 998 1667 1045 V
1685 994 1894 1036 dorsum
1916 997 1966 1037 et

1580 1051 1980 1095 borealissimam
1999 1051 2238 1106 trianguli
2261 1052 2308 1094 11
2343 1052 2400 1095 26

375 1111 512 1154 Inter
531 1112 754 1154 eandem
772 1110 1010 1164 trianguli
1030 1113 1081 1152 et
1099 1109 1327 1152 lucidam
1347 1109 1399 1150 in
1419 1109 1713 1152 summitate
1733 1109 1917 1164 capitis
1934 1115 1995 1162 V
2260 1110 2308 1152 11
2342 1110 2423 1156 23}

374 1169 513 1212 Inter
531 1169 811 1211 informem
831 1169 983 1222 supra
1003 1168 1212 1210 dorsum
1231 1172 1290 1218 V
1311 1199 1320 1209 .
1346 1198 1355 1208 .
1381 1169 1408 1209 ‚¹
2260 1168 2312 1210 10
2348 1168 2399 1211 16
2429 1168 2487 1210 30

375 1227 513 1270 Inter
532 1227 877 1270 borealiorem
896 1225 1063 1268 tertiae
1083 1237 1217 1279 mag.
1239 1225 1291 1266 in
1310 1226 1495 1267 dextro
1516 1236 1680 1268 cornu
1699 1230 1758 1277 V
1776 1229 1827 1269 et
1850 1227 2063 1269 oculum
2084 1226 2139 1282 8
2255 1226 2312 1268 37
2348 1226 2399 1268 15

377 1285 515 1328 Inter
534 1286 745 1328 oculum
766 1284 821 1340 8
840 1287 891 1327 et
909 1286 1067 1337 caput
1081 1283 1310 1326 Medusae
2256 1283 2313 1327 30
2343 1285 2399 1326 57

377 1343 515 1386 Inter
533 1342 881 1386 borealiorem
899 1341 1066 1384 tertiae
1086 1340 1450 1395 magnitudinis
1472 1341 1525 1383 in
1545 1342 1727 1384 dextro
1748 1353 1912 1384 cornu
1929 1347 1989 1394 V
2006 1346 2057 1385 et

1554 1399 1784 1442 lucidam
1804 1400 1987 1454 capitis
2008 1400 2237 1443 Medusae
2255 1400 2306 1442 21
2342 1400 2398 1443 33

376 1459 514 1502 Inter
532 1460 755 1502 eandem
776 1458 1003 1500 Medusae
1024 1461 1073 1500 et
1093 1457 1342 1500 finistrum
1361 1457 1550 1510 pedem
1569 1458 1924 1501 Andromedae
2260 1458 2307 1500 11
2341 1457 2400 1500 49

375 1517 513 1560 Inter
531 1518 718 1571 pedem
740 1516 986 1559 sinistrum
999 1516 1353 1558 Andromedae
1372 1518 1423 1558 et
1442 1515 1790 1559 borealiorem
1810 1516 1977 1559 dextri

1618 1585 1783 1617 cornu
1801 1579 1861 1627 V
1879 1575 2030 1629 supra
2050 1575 2173 1617 data
2193 1574 2262 1618 est
2281 1574 2529 1618 distantia.

376 1633 514 1676 Inter
530 1633 742 1688 Algenib
764 1632 922 1686 Persej
945 1635 995 1674 et
1015 1631 1264 1674 sinistrum
1284 1632 1474 1685 pedem
1493 1632 1848 1676 Andromedae
2261 1633 2312 1675 15
2342 1632 2398 1675 35

375 1691 513 1734 Inter
530 1690 742 1745 Algenib
764 1693 814 1733 et
833 1690 1015 1744 capitis
1038 1690 1266 1732 Medusae
1286 1690 1515 1732 lucidam
2284 1691 2312 1733 9
2347 1690 2399 1733 10

375 1749 512 1792 Inter
530 1749 742 1803 Algenib
763 1749 919 1803 Persej
943 1751 993 1790 et
1013 1760 1133 1790 eam
1153 1759 1273 1801 quae
1293 1747 1362 1791 est
1381 1748 1434 1790 in
1453 1760 1586 1802 genu
1606 1749 1715 1792 eius
1736 1749 1927 1793 sinistro
2260 1749 2306 1791 11
2347 1749 2423 1794 13}

375 1807 513 1850 Inter
532 1808 667 1850 hanc
689 1810 739 1849 et
759 1810 916 1860 caput
937 1806 1166 1849 Medusae
2283 1807 2312 1850 9
2346 1807 2421 1853 193

374 1866 513 1908 Inter
531 1866 753 1908 eandem
774 1864 955 1918 capitis
976 1864 1205 1907 Medusae
1225 1867 1276 1907 et
1295 1864 1544 1908 fimstram
1557 1866 1715 1921 Persej
1737 1867 1972 1919 plantam
1991 1866 2137 1920 pedis
2260 1866 2312 1908 12
2341 1865 2399 1908 46

374 1924 511 1966 Inter
529 1924 666 1966 hanc
686 1924 842 1978 Persej
865 1924 1100 1977 plantam
1120 1926 1171 1966 et
1189 1934 1322 1977 genu
1341 1923 1494 1977 ipsius
1515 1923 1764 1967 sinistrum
2283 1923 2312 1966 8
2371 1925 2398 1966 5

374 1982 512 2024 Inter
530 1983 717 2035 pedem
738 1981 986 2024 sinistrum
1006 1982 1360 2024 Andromedae
1379 1984 1430 2024 et
1448 1981 1730 2024 humerum
1750 1983 1991 2025 dextrum
2011 1982 2169 2037 Persej
2260 1981 2311 2024 14
2342 1983 2398 2024 57

373 2039 511 2082 Inter
529 2040 667 2082 hunc
687 2040 845 2093 Persej
867 2039 1146 2082 humerum
1167 2042 1218 2082 et
1238 2039 1419 2093 capitis
1441 2040 1670 2083 Medusae
1689 2041 1918 2083 lucidam
2259 2040 2311 2082 12
2341 2040 2398 2085 27

373 2098 510 2140 Inter
529 2099 718 2152 pedem
739 2097 988 2140 sinistrum
1006 2098 1360 2141 Andromedae
1380 2101 1431 2141 et
1451 2101 1608 2152 caput
1629 2099 1858 2142 Medusae
2259 2098 2311 2140 12
2371 2097 2399 2140 6

372 2156 510 2198 Inter
529 2157 762 2210 plantam
782 2156 927 2210 pedis
949 2156 1122 2198 sinistri
1141 2156 1301 2211 Persej
1324 2159 1375 2198 et
1395 2157 1607 2199 oculum
1628 2156 1683 2213 8
2260 2156 2310 2199 17
2341 2155 2422 2202 58}

372 2214 511 2257 Inter
529 2215 751 2257 eandem
772 2214 930 2268 Persej
952 2215 1187 2268 plantam
1208 2218 1258 2257 et
1278 2225 1442 2257 cornu
1463 2215 1712 2258 sinistrum
1733 2214 1788 2271 8
2260 2214 2312 2257 19
2341 2214 2399 2256 54

371 2272 509 2315 Inter
528 2274 740 2316 oculum
761 2272 816 2329 8
835 2275 886 2315 et
906 2272 1154 2316 sinistrum
1174 2273 1284 2316 eius
1303 2284 1468 2316 cornu
2259 2272 2312 2315 16
2341 2272 2398 2315 33

372 2331 511 2374 Inter
529 2332 741 2374 oculum
762 2330 817 2387 8
837 2334 887 2374 et
907 2330 1156 2374 sinistrum
1175 2331 1457 2374 humerum
1478 2331 1684 2375 Orionis
2259 2331 2311 2373 15
2342 2330 2399 2373 52

372 2389 510 2432 Inter
527 2389 808 2432 humerum
827 2392 877 2432 et
897 2389 1147 2432 sinistrum
1166 2401 1331 2433 cornu
1352 2389 1407 2446 8
2253 2389 2311 2431 22
2346 2388 2399 2431 10

372 2447 511 2490 Inter
528 2448 770 2490 dextrum
792 2447 995 2491 Orionis
1015 2448 1296 2491 humerum
1316 2451 1367 2491 et
1387 2448 1637 2491 sinistrum
1656 2449 1847 2503 pedem
1865 2448 2032 2491 tertiae

1401 2518 1536 2561 mag.
1560 2506 1872 2550 australioris
1893 2506 2235 2550 Geminorum
2259 2505 2311 2548 13
2340 2504 2398 2548 32

373 2564 510 2606 Inter
529 2565 754 2607 eundem
775 2565 980 2607 Orionis
999 2565 1281 2607 humerum
1301 2568 1352 2608 et
1371 2564 1620 2608 sinistrum
1641 2576 1806 2608 cornu
1826 2564 1882 2621 8
2254 2563 2311 2606 22
2370 2563 2422 2608 4}

373 2622 511 2665 Inter
530 2622 777 2665 finistrum
796 2623 986 2677 pedem
1004 2623 1171 2666 tertiae
1192 2623 1474 2678 magnitud.
1491 2623 1803 2666 australioris
1818 2623 2159 2666 Geminorum

1657 2684 1708 2724 et
1727 2681 1976 2724 finistrum
1996 2692 2160 2724 cornu
2181 2680 2236 2737 8
2254 2680 2312 2723 20
2347 2679 2423 2725 101

374 2738 512 2781 Inter
531 2750 719 2781 canem
739 2739 997 2782 minorem
1018 2742 1069 2782 et
1087 2740 1331 2782 dextrum
1353 2739 1557 2783 Orionis
1577 2740 1858 2782 humerum
2254 2739 2311 2781 25
2341 2737 2399 2780 59

373 2797 511 2839 Inter
524 2798 749 2840 eundem
759 2797 1039 2840 humerum
1053 2801 1104 2840 et
1118 2798 1367 2841 sinistrum
1377 2798 1567 2852 pedem
1582 2798 1894 2842 australioris
1903 2797 2245 2841 Geminorum
2260 2797 2311 2839 13
2342 2795 2400 2839 29

372 2855 511 2898 Inter
529 2855 755 2898 eundem
775 2856 1086 2899 australioris
1106 2857 1434 2910 geminorum
1451 2857 1643 2910 pedem
1662 2859 1713 2900 et
1732 2867 1921 2900 canem
1941 2856 2200 2899 minorem
2258 2854 2311 2898 18
2341 2854 2398 2897 38
2428 2853 2519 2897 30⁴⁴

372 2913 511 2956 Inter
528 2916 808 2967 utrumque
828 2925 1016 2957 canem
2255 2914 2312 2956 25
2342 2912 2400 2956 36

372 2971 511 3014 Inter
528 2972 718 3026 pedem
738 2972 989 3015 sinistrum
1009 2972 1213 3015 Orionis
1233 2976 1284 3015 et
1303 2972 1412 3015 eius
1431 2973 1713 3016 humerum
1733 2974 1975 3016 dextrum
2260 2971 2312 3014 18
2342 2971 2423 3017 334

373 3029 512 3073 Inter
530 3041 719 3073 canem
740 3030 997 3074 maiorem
1017 3034 1068 3073 et
1088 3031 1338 3074 sinistrum
1359 3030 1563 3074 Orionis
1582 3032 1771 3086 pedem
2255 3029 2312 3072 23
2342 3029 2400 3072 42

372 3088 511 3131 Inter
530 3100 719 3132 canem
739 3089 997 3131 maiorem
1017 3092 1067 3132 et
1087 3090 1329 3131 dextrum
1350 3089 1556 3132 Orionis
1575 3090 1856 3133 humerum
2254 3089 2310 3130 27
2371 3087 2423 3133 Οὲ

373 3146 510 3190 Inter
529 3147 772 3189 dextrum
793 3158 925 3201 genu
946 3146 1151 3190 Orionis
1171 3150 1221 3190 et
1241 3148 1484 3189 dextrum
1503 3147 1656 3202 ipfius
1675 3148 1956 3191 humerum
2261 3146 2311 3188 17
2372 3146 2398 3188 7

371 3205 511 3248 Inter
529 3205 773 3248 dextrum
792 3216 924 3259 genu
945 3208 995 3248 et
1015 3205 1265 3248 sinistrum
1284 3206 1473 3259 pedem
1494 3205 1701 3249 Orionis
2284 3203 2312 3246 8
2341 3203 2422 3250 243

431 3277 441 3301 ¹
465 3281 613 3312 Nomen
627 3281 774 3312 alterius
787 3280 892 3312 stellae
906 3280 1009 3312 deest.
