2690 4178
709 331 1384 383 PROLEGOMENA
1411 330 1816 383 EDITORIS
2313 333 2365 383 V

164 473 325 519 totius
357 472 480 516 anni
515 470 627 515 1593
659 470 1061 514 observationes
1093 470 1278 513 deesse
1305 472 1559 521 taceam‚¹
1594 482 1689 525 per
1718 473 1891 514 totum
1923 470 2117 514 librum
2144 472 2365 516 lacunas

166 546 467 599 frequentes
499 545 659 597 atque
689 553 912 597 magnas
944 541 1342 596 deprehendere
1374 541 1509 584 licet.
1547 541 1701 596 Saepe
1735 541 1942 593 accidit,
1974 545 2032 584 ut
2064 543 2365 597 complures

164 616 371 672 paginae
391 614 659 659 continuae
678 624 787 656 non
807 612 1089 667 descriptae
1112 612 1229 664 sint,
1257 612 1393 656 sicut
1413 613 1482 655 ad
1502 612 1703 655 exitum
1724 612 1849 654 anni
1871 611 1984 654 1584
2004 612 2222 656 dimidia
2242 626 2365 668 pars

166 686 617 736 observationum,
639 695 772 739 quas
786 683 1108 739 Fruenburgi
1127 684 1423 727 instituerat
1441 683 1578 726 Elias
1593 683 1726 735 Olai,
1748 686 1800 726 et
1820 694 2023 735 omneS,
2046 695 2179 737 quas
2194 685 2366 739 Regio-

165 757 334 802 monti
358 758 501 800 idem
525 755 836 806 instituerat,
869 754 1084 798 omissae
1110 758 1245 798 sunt.
1276 756 1438 798 Porro
1465 754 1536 797 ad
1561 766 1730 797 annos
1761 754 1874 797 1589
1900 757 1952 797 et
1980 754 2088 797 1591
2118 755 2253 798 inter
2278 756 2367 799 ob-

164 828 491 874 servationes
515 827 790 871 stellarum
814 826 1047 869 fixarum
1074 826 1274 880 aliquot
1299 837 1509 881 magnae
1535 827 1744 869 lacunae
1771 829 2073 877 occurrunt,
2101 829 2154 868 et
2179 837 2366 870 omnes

164 901 353 945 desunt
378 898 780 944 observationes
805 899 1080 941 stellarum
1106 897 1338 940 fixarum
1365 897 1516 940 annis
1541 897 1653 940 1595
1673 900 1724 940 et
1748 897 1860 940 1597
1880 900 1932 940 et
1955 896 2068 940 1599
2091 897 2271 950 factae;
2301 910 2364 942 ac

163 971 456 1027 saepissime
480 982 611 1014 sane
635 969 790 1013 unius
809 970 894 1012 vel
915 970 1146 1012 duarum
1165 969 1405 1013 noct1um
1426 980 1589 1024 opera
1615 968 2049 1024 praetermittitur.
2079 969 2261 1013 Multae
2283 970 2367 1014 de-

162 1043 474 1098 scriptiones
493 1041 770 1097 eclipsium
790 1041 1006 1086 omissae
1026 1044 1168 1093 sunt;
1195 1041 1287 1084 ubi
1305 1052 1434 1084 vero
1455 1043 1741 1095 utrumque
1760 1040 2120 1095 pinnacidium
2142 1042 2367 1084 armilla-

161 1123 283 1158 rum
310 1114 624 1170 inspectum,
654 1114 739 1156 vel
768 1112 902 1156 binis
930 1112 1224 1156 rationibus
1253 1114 1468 1156 sextans
1498 1112 1701 1167 positus
1730 1114 1861 1163 erat,
1891 1123 2027 1154 unus
2057 1112 2246 1156 crebro
2276 1126 2366 1156 nu-

162 1197 341 1230 merus
360 1185 637 1229 indicatur.
658 1185 912 1239 Pleraque
933 1184 1159 1238 denique
1179 1185 1299 1227 loca
1320 1184 1656 1238 planetarum
1683 1183 1900 1227 calculis
1926 1183 2141 1227 inventa
2168 1184 2366 1228 omissa

161 1260 297 1309 sunt,
325 1268 431 1311 quo
455 1256 662 1300 factum
688 1259 783 1308 est,
809 1258 868 1298 ut
893 1256 959 1299 de
986 1267 1151 1310 opera
1170 1254 1436 1309 Tychonis
1456 1267 1626 1309 prava
1645 1254 1838 1299 sentire
1857 1266 2075 1298 necesse
2095 1258 2249 1307 esset,
2278 1257 2366 1310 qui

161 1329 411 1384 legerent;
445 1327 580 1371 sicut
609 1327 989 1370 Flamsteedius
1019 1326 1264 1382 opinatus
1295 1329 1389 1379 est,
1421 1326 1762 1382 quadragena
1789 1327 2165 1370 tantummodo
2194 1327 2367 1370 unius-

160 1399 416 1456 qu’usque
440 1400 670 1454 planetae
696 1399 817 1442 loca
841 1398 990 1441 illum
1014 1397 1287 1452 reliquisse
1317 1409 1384 1441 ex
1412 1398 1874 1442 observationibus
1902 1409 1998 1452 per
2026 1398 2261 1442 calculos
2290 1411 2366 1442 re-

159 1473 352 1527 perta.²
378 1470 566 1514 Melius
591 1481 721 1514 sane
747 1470 950 1525 egisset,
979 1470 1022 1513 si
1048 1469 1232 1514 omnia
1259 1470 1348 1513 illa
1375 1469 1652 1513 omis1sset.
1683 1469 1839 1522 Quod
1858 1481 1988 1513 vero
2015 1470 2183 1525 magis
2204 1470 2365 1513 etiam

103 1562 106 1565 -
159 1545 317 1587 nocet
345 1554 508 1597 quam
538 1541 625 1586 hae
653 1541 1132 1597 praetermissiones
1161 1541 1384 1593 vitiosae,
1418 1541 1824 1585 innumerabilia
1854 1545 1976 1585 sunt
2008 1544 2185 1585 errata
2216 1545 2365 1596 typo-

159 1614 505 1670 graphorum:
534 1613 742 1657 numeri
766 1612 914 1656 falsis
940 1613 1071 1657 locis
1097 1612 1254 1668 positi
1279 1616 1371 1656 aut
1397 1613 1595 1666 omissi,
1624 1613 1786 1656 etiam
1812 1613 1959 1668 signa
1985 1613 2200 1656 Zodiaci
2225 1615 2365 1656 male

157 1685 440 1738 intellecta,
467 1685 620 1740 quasi
644 1685 853 1729 numeri
879 1688 1070 1738 essent,
1100 1685 1236 1728 sicut
1256 1696 1354 1739 pro
1375 1685 1566 1728 Cancri
1584 1685 1731 1740 signo
1752 1684 1999 1728 scribitur
2017 1696 2269 1728 numerus
2289 1684 2362 1737 69,

157 1758 243 1801 vel
267 1768 366 1812 pro
391 1756 581 1800 Arietis
606 1756 754 1812 signo
781 1757 954 1800 littera
974 1756 1035 1800 V.
1064 1757 1250 1811 Itaque
1275 1756 1509 1800 lubricus
1536 1759 1615 1799 est
1639 1768 1767 1799 usus
1792 1756 1947 1812 hujus
1974 1756 2230 1808 editionis,
2260 1769 2364 1811 qua

157 1829 362 1873 nullam
379 1828 534 1872 ullius
554 1828 826 1883 scriptoris
847 1839 1072 1883 operum
1092 1829 1330 1884 pejorem
1350 1827 1572 1871 inveniri
1592 1831 1740 1871 certo
1762 1827 1993 1871 affimari
2013 1828 2175 1871 licet.³

229 1900 373 1944 Dum
397 1899 500 1944 hac
527 1899 733 1943 ratione
758 1900 992 1955 pessima
1019 1900 1226 1942 Curtius
1254 1899 1399 1943 libris
1426 1899 1785 1954 transscriptis
1813 1899 2077 1951 utebatur,
2107 1900 2195 1943 via
2223 1903 2364 1955 pate-

155 1971 301 2016 facta
321 1974 415 2025 est,
438 1984 544 2027 qua
564 1971 844 2015 meliorem
863 1971 916 2014 in
937 1972 1160 2015 modum
1179 1971 1296 2014 libri
1317 1971 1596 2026 archetypi
1610 1971 1679 2014 ad
1693 1983 1850 2015 usum
1872 1971 2113 2015 adhiberi
2131 1975 2360 2026 possent.

156 2043 310 2088 Anno
330 2043 473 2087 enim
496 2042 609 2087 1655
630 2042 694 2101 (si
712 2054 820 2087 non
840 2042 1017 2100 antea)
1042 2042 1142 2086 hos
1163 2043 1601 2087 observationum
1620 2043 1782 2086 libros
1804 2042 2201 2087 LUDOVICUS
2223 2044 2364 2086 ΚΕΡ-

158 2115 282 2158 LER
309 2114 545 2158 vendidit
573 2114 920 2158 FRIDERICO
951 2114 1039 2167 ΙΙΙ,
1070 2114 1259 2158 Daniae
1289 2117 1341 2158 et
1372 2114 1652 2169 Norvegiae
1683 2114 1817 2169 Regi,
1850 2114 1938 2169 qui
1962 2115 2014 2158 in
2041 2114 2361 2160 bibliotheca

156 2186 299 2242 regia
314 2185 605 2230 Hauniensi
624 2197 794 2241 nuper
814 2186 881 2230 ab
902 2186 1017 2241 ipso
1036 2185 1251 2229 condita
1265 2197 1358 2230 eos
1373 2186 1672 2238 collocavit,
1693 2186 1784 2230 ubi
1798 2186 1957 2230 hodie
1971 2198 2182 2242 quoque
2198 2200 2363 2232 asser-

155 2261 363 2302 vantur.
395 2257 514 2310 Quo
541 2261 786 2313 tempore
815 2257 919 2301 hoc
949 2257 1154 2301 factum
1182 2257 1263 2310 sit,
1295 2258 1543 2301 novimus
1573 2269 1639 2300 ex
1668 2258 1906 2312 epistula,
1939 2271 2103 2314 quam
2131 2260 2180 2303 d.
2202 2260 2261 2303 29
2288 2274 2358 2304 m.

150 2329 272 2382 Julii
295 2328 413 2387 (stil.
438 2329 563 2386 vet.)
589 2342 636 2373 a.
669 2329 781 2372 1655
806 2329 1049 2373 PETRUS
1077 2329 1342 2381 REEDTZ,
1371 2329 1460 2384 qui
1484 2332 1673 2384 postea
1699 2329 1873 2373 factus
1899 2334 1979 2374 est
2004 2331 2361 2376 Cancellarius

155 2399 360 2453 Daniae‚
391 2400 594 2445 PETRO
616 2400 971 2444 GASSENDO
993 2400 1150 2453 dedit,
1171 2403 1230 2443 ut
1248 2400 1335 2453 illi,
1358 2401 1502 2455 quod
1522 2404 1773 2455 quattuor
1791 2403 2039 2456 exempla
2058 2402 2176 2446 libri
2195 2404 2276 2446 sui
2296 2404 2361 2447 de

160 2471 440 2526 Tychonis
464 2471 673 2515 Brahei
697 2471 818 2514 Vita
844 2471 944 2515 sibi
970 2471 1213 2524 misisset,
1244 2472 1439 2527 gratias
1469 2475 1668 2527 ageret;
1699 2472 1789 2516 ubi
1814 2473 1891 2517 sic
1920 2474 2162 2528 legimus:
2197 2475 2361 2518 »Mais

155 2542 353 2587 deuant
379 2543 444 2587 de
469 2543 591 2586 finir
615 2555 707 2587 ma
732 2544 899 2595 lettre,
926 2543 1034 2598 i'ay
1061 2555 1189 2587 creu
1213 2543 1399 2587 deuoir
1418 2546 1450 2586 a
1470 2546 1650 2587 vostre
1671 2543 1919 2588 curiosite
1940 2548 2026 2588 cet
2045 2546 2175 2598 auis,
2198 2549 2230 2589 a
2249 2558 2362 2602 sca-

153 2614 273 2658 uoir
298 2626 400 2669 que
426 2626 487 2658 sa
514 2615 737 2671 Majeste
763 2626 892 2659 mon
919 2616 1032 2670 Roy
1051 2627 1084 2658 a
1103 2627 1299 2670 parmy
1320 2615 1553 2658 d’autres
1579 2618 1632 2658 et
1656 2627 1805 2659 rares
1827 2616 2149 2661 Manuscrits
2168 2619 2362 2662 l’Auto-

153 2685 354 2740 graphe
374 2686 468 2729 des
488 2686 871 2731 obseruations
891 2686 1040 2730 dudit
1053 2686 1283 2730 TYCHO
1299 2686 1536 2739 BRAHE,
1558 2687 1834 2742 lesquelles
1855 2691 2037 2731 seront
2055 2689 2361 2744 imprimees

153 2756 283 2812 icy.«
295 2759 313 2784 ⁴

227 2878 238 2903 1
260 2876 507 2922 Suspicatus
526 2880 588 2914 est
606 2877 777 2914 Curtius
799 2878 867 2921 (H.
892 2878 937 2915 C.
958 2889 996 2923 p.
1017 2879 1103 2914 547:
1132 2880 1317 2914 »tantum
1338 2877 1541 2914 divinatio
1560 2879 1662 2922 est«)
1689 2878 1877 2915 codicem
1905 2879 2007 2916 anni
2037 2881 2127 2917 1593
2147 2881 2359 2917 Casseuas

153 2935 333 2972 missum
362 2947 467 2978 esse,
495 2939 541 2973 ut
569 2948 667 2974 cum
698 2937 950 2984 Landgravii
979 2937 1345 2983 observationibus
1376 2937 1633 2983 comparatio
1662 2938 1961 2981 institueretur;
1992 2940 2106 2986 quod
2132 2940 2253 2976 multi
2282 2940 2359 2977 viri

153 2994 275 3036 docti,
295 2995 418 3041 quasi
438 2999 597 3033 certum
618 2999 743 3043 atque
763 2996 1047 3033 indubitatum
1067 3000 1188 3038 esset,
1209 2997 1498 3042 repetiverunt.

223 3056 241 3082 ²
260 3056 302 3091 F.
322 3056 489 3097 BAILY,
507 3057 707 3092 Account
724 3058 775 3092 οἰ
788 3058 858 3092 the
876 3058 984 3092 Rev.
996 3057 1110 3102 John
1132 3058 1375 3093 Flamsteed
1393 3069 1431 3103 p.
1452 3058 1522 3093 744

222 3115 240 3141 3
261 3115 310 3150 In
329 3114 437 3151 libro
456 3126 552 3151 meo
575 3116 720 3161 Tycho
740 3117 884 3152 Brahe
903 3128 941 3162 p.
962 3117 1032 3153 373
1051 3116 1181 3153 libros
1201 3117 1507 3162 transscriptos,
1534 3117 1690 3164 quibus
1717 3129 1822 3154 usus
1846 3121 1955 3155 esset
1975 3119 2156 3161 Curtius,
2183 3131 2358 3157 mancos

153 3175 193 3210 et
211 3185 310 3211 cum
329 3174 567 3220 archetypis
588 3175 700 3211 male
720 3175 895 3212 collatos
914 3175 1047 3212 fuisse
1067 3176 1166 3217 dixi:
1194 3177 1270 3212 sed
1294 3175 1461 3221 iniuria.
1489 3178 1600 3213 Nam
1624 3178 1666 3213 19
1687 3177 1749 3214 illi
1769 3178 1947 3220 codices,
1975 3178 2047 3224 qui
2068 3190 2183 3216 nunc
2202 3179 2356 3215 Vindo-

152 3233 277 3269 bonae
297 3237 577 3275 asservantur,
598 3245 768 3271 summa
788 3235 1006 3281 diligentia
1026 3235 1167 3282 scripti
1187 3239 1227 3272 et
1246 3247 1343 3273 cum
1364 3236 1602 3282 archetypis
1623 3237 1764 3274 collati
1785 3241 1894 3279 sunt,
1914 3238 2116 3285 omnique
2130 3238 2213 3275 fide
2229 3238 2356 3284 digni.

222 3293 240 3318 ⁴
258 3292 350 3329 Vid.
371 3293 411 3329 P.
430 3293 704 3330 GASSENDI
724 3295 930 3340 Epistolae
951 3295 1150 3341 (Operum
1177 3299 1275 3332 tom.
1295 3297 1363 3337 VI,
1390 3296 1587 3342 Lugduni
1617 3298 1723 3340 1658)
1750 3309 1788 3342 p.
1809 3299 1879 3334 538
1905 3308 1964 3343 sq.
1992 3298 2140 3340 (Lettre
2161 3298 2212 3334 de
2234 3299 2356 3334 Mon-

153 3349 266 3387 sieur
293 3351 333 3388 le
362 3352 508 3388 Grand
535 3352 708 3389 Maistre
739 3354 791 3390 de
824 3354 1097 3390 Dannemark
1126 3354 1151 3391 ὲ
1181 3355 1403 3391 Monsieur
1432 3356 1672 3400 Gassendi).
1706 3358 1874 3394 Nomen
1905 3368 2031 3403 prave
2064 3357 2263 3402 scripturn
2295 3360 2357 3393 est

152 3410 313 3452 Ree1t2,
334 3411 409 3447 sed
427 3414 536 3449 recte
556 3412 749 3450 scribitur
769 3413 864 3450 aliis
884 3413 1077 3458 ejusdem
1097 3414 1193 3451 libri
1212 3414 1318 3452 locis
