2742 4204
373 313 476 363 426

373 447 576 489 Sinister
595 445 841 486 humerus
860 440 1106 495 Apollinis
1174 440 1231 482 59
1260 440 1318 481 24

373 504 522 546 Canis
540 502 710 544 minor
1174 497 1230 539 40
1265 497 1341 542 18ὲ

372 562 471 603 Cor
485 560 537 616 Ω
1172 554 1229 596 48
1288 554 1339 598 31

372 618 554 660 Ceruix
566 616 618 673 Ω
1172 612 1229 654 56
1289 612 1317 654 0

500 699 592 740 Per
610 696 964 747 Quadrantem
984 693 1275 747 portatilem

369 770 465 810 Alt.
487 767 607 809 min.
630 764 970 820 praecedentis
990 764 1040 805 in
1059 763 1115 819 [Ι

880 823 1011 864 vrsae
1030 822 1151 862 min.
1173 819 1224 861 41
1259 818 1340 862 45÷

370 885 466 926 Alt.
488 884 609 924 min.
633 880 882 934 sequentis
902 880 952 921 in
972 879 1027 935 [Ι
1172 877 1229 919 39
1265 876 1315 918 13

369 943 466 983 Alt.
489 951 626 982 max.
648 939 778 981 illius
797 935 1137 992 praecedentis

737 997 787 1038 in
806 996 861 1051 [l
881 996 1011 1038 vrsae
1030 994 1151 1037 min.
1174 993 1230 1034 70
1288 991 1340 1036 4}

369 1058 465 1099 Alt.
489 1067 626 1098 max.
650 1054 901 1107 sequentis
1174 1051 1229 1093 72
1259 1049 1339 1093 361ἱ

427 1160 618 1202 Vltima
642 1162 852 1212 propter
881 1167 1125 1199 auroram
1152 1166 1256 1197 non
1285 1153 1403 1196 satis

370 1221 525 1261 certa.

622 1286 732 1327 DIE
752 1285 809 1326 24
823 1283 1145 1335 JANUARIJ.

621 1356 713 1397 Per
732 1354 790 1405 Q.
811 1353 1148 1396 Tichonicum

368 1416 542 1456 Planta
562 1412 719 1466 Persej
1172 1410 1228 1452 65
1289 1410 1340 1455 ol

369 1473 493 1514 Calx
511 1470 667 1524 Persej
1172 1467 1229 1510 64
1258 1467 1316 1510 40

368 1528 542 1572 Pectus
562 1528 617 1583 ξς
1171 1526 1227 1568 45
1258 1525 1339 1572 201

369 1587 439 1630 Os
455 1586 509 1642 *0²
1171 1583 1228 1626 48
1259 1582 1316 1626 39

368 1646 522 1687 Stella
541 1644 675 1686 inter
694 1644 826 1686 ocul.
849 1643 889 1685 ἃ
910 1653 969 1685 os
984 1642 1038 1699 *ὅ
1172 1641 1229 1684 48
1259 1641 1338 1687 584

368 1703 560 1745 Oculus
575 1701 630 1757 8
1172 1700 1230 1742 49
1259 1699 1341 1746 41ὲ

366 1762 457 1803 Pes
475 1759 749 1813 Erichtonij
1172 1757 1229 1800 66
1258 1758 1338 1803 3οἑ

367 1819 521 1861 Stella
542 1829 660 1871 quae
682 1816 931 1870 praecedit
949 1817 1137 1870 pedem

699 1874 927 1917 lucidum
948 1874 1153 1917 Orionis
1172 1874 1230 1916 28
1259 1874 1341 1920 23³

367 1934 620 1976 Lucidum
640 1944 802 1976 cornu
817 1932 872 1988 ξ)
1174 1932 1231 1974 62
1265 1933 1341 1978 15ῧ

367 1992 570 2034 Sinister
587 1991 835 2033 humerus
857 1991 1061 2034 Orionis
1173 1990 1230 2033 40
1289 1990 1318 2033 0

367 2049 582 2092 Inferius
602 2060 765 2092 cornu
781 2049 836 2105 8
1173 2049 1229 2090 54
1260 2049 1317 2091 54

367 2107 591 2151 Lucidus
611 2107 858 2149 humerus
879 2107 1084 2150 Orionis
1172 2106 1223 2149 41
1259 2107 1340 2152 2oe

366 2167 490 2208 Calx
507 2166 554 2221 11
577 2165 663 2221 (ad
682 2166 926 2221 propum)
1172 2165 1229 2208 56
1259 2165 1340 2212 434

367 2224 591 2267 Lucidus
610 2235 701 2277 pes
717 2224 766 2279 ][
1172 2223 1230 2266 50
1259 2224 1340 2271 454

367 2282 511 2325 Genu
529 2282 576 2337 Π
594 2281 863 2333 inferioris,

481 2340 531 2382 in
557 2338 696 2383 recta
716 2340 849 2383 linea
875 2340 1026 2393 supra

733 2398 885 2441 lucid.
901 2397 1149 2454 pedemjlj
1173 2398 1230 2440 59
1258 2399 1340 2445 323

367 2456 608 2509 Superius
627 2459 785 2510 caput
801 2457 849 2512 Π
1173 2456 1230 2499 66
1260 2457 1317 2499 48

366 2515 455 2557 Pes
475 2514 618 2557 canis
639 2515 854 2557 minoris
1173 2514 1229 2557 43
1290 2514 1341 2560 8}

368 2572 583 2615 Inferius
602 2576 758 2627 caput
775 2573 823 2628 ][
1173 2573 1229 2616 63
1289 2573 1342 2621 24

367 2630 517 2672 Canis
538 2631 707 2673 minor
1173 2631 1231 2673 40
1266 2631 1342 2679 184
1411 2668 1413 2670 ,

367 2689 467 2730 Cor
482 2687 534 2745 Ω
1174 2689 1231 2731 48
1290 2690 1341 2735 34

368 2746 509 2790 Coxa
526 2745 578 2802 Ω
1173 2747 1230 2790 56
1261 2748 1342 2795 52}

367 2804 544 2846 Cauda
559 2803 612 2860 Ω
1174 2806 1231 2848 50
1261 2806 1342 2852 594

367 2861 610 2915 Superior
625 2873 690 2904 ex
704 2862 905 2905 duabus
924 2864 1128 2916 posteri-

669 2920 844 2963 oribus
862 2920 914 2963 in
933 2920 989 2977 [1
1010 2922 1155 2965 corvi
1179 2921 1231 2964 19
1261 2924 1317 2964 55

372 2978 610 3020 Extrema
630 2978 885 3021 inferioris
906 2980 1005 3022 alae
1020 2979 1084 3036 ΠΡ
1173 2980 1231 3022 34
1260 2980 1318 3023 56

367 3035 652 3078 Vmbilicus
667 3035 732 3092 ΠΡ
747 3037 875 3091 cing.
1174 3038 1231 3080 39
1260 3038 1318 3081 46

369 3094 609 3136 Extrema
631 3094 901 3148 superioris
922 3096 1020 3137 alae
1035 3094 1100 3152 ‘np
1173 3096 1230 3138 47
1266 3096 1340 3142 181

367 3151 521 3194 Stella
543 3152 693 3205 supra
713 3154 934 3195 eandem
954 3154 1005 3195 in

852 3212 985 3254 linea
1004 3210 1146 3254 recta
1173 3213 1228 3255 53
1260 3213 1341 3260 501

428 3293 437 3316 ¹
462 3297 551 3326 Haec
566 3297 675 3327 verba
689 3297 769 3327 sunt
782 3297 818 3328 iu
833 3298 913 3329 cod.
923 3299 974 3335 V;
991 3299 1118 3330 desunt
1131 3299 1167 3330 in
1182 3299 1309 3331 codice
1321 3301 1359 3331 C.

1377 303 1501 355 1585

1475 438 1627 492 Spica
1643 437 1707 494 m)
2282 439 2338 482 25
2400 440 2451 486 81

1475 496 1631 538 Stella
1651 496 1801 549 supra
1821 495 2031 549 Spicam
2284 497 2341 540 35
2371 498 2429 540 39

1475 554 1631 596 Stella
1650 553 1702 595 in
1721 553 1922 595 flexura
1942 551 2144 596 Arcturi
2284 555 2342 597 54
2371 555 2452 601 36}

1474 609 1722 653 Arcsturus
2284 612 2341 654 54
2371 613 2453 659 28}

1475 669 1631 711 Stella
1652 669 1702 710 in
1721 669 1853 722 pede
1872 668 2046 712 Bootis
2284 670 2342 712 49
2371 670 2428 713 39

1474 726 1650 768 Altera
1668 726 1721 768 in
1739 726 1962 769 humero
1982 725 2184 769 Arcturi
2285 728 2342 771 62
2371 728 2428 770 58

1474 783 1616 826 Prior
1634 784 1807 826 lucida
1826 784 1878 826 in
1897 784 2132 827 lancibus
2153 787 2208 839 Q
2289 786 2342 828 19
2372 786 2452 832 513

1473 842 1724 884 Posterior
1742 842 1794 883 in
1814 841 2049 885 lancibus
2069 845 2125 898 Q
2284 843 2342 886 26
2377 843 2452 889 182}

1476 899 1674 942 Lucida
1695 899 1916 942 Coronae
2285 901 2342 943 62
2377 901 2429 944 16

1659 970 1752 1012 Per
1771 969 1982 1025 [Quadr.
2003 970 2341 1027 portatileml¹

1474 1039 1571 1080 Alt.
1589 1050 1728 1081 max.
1748 1039 2092 1092 praecedentis
2110 1040 2163 1082 in
2182 1039 2238 1096 [Ι

1903 1097 2034 1140 vrsae
2054 1098 2268 1141 minoris
2287 1098 2344 1141 70
2401 1098 2454 1145 4-1

1473 1154 1572 1196 Alt.
1594 1166 1734 1197 max.
1757 1155 2011 1208 sequentis
2030 1155 2082 1198 in
2101 1155 2157 1212 [Ι
2286 1156 2343 1199 72
2373 1156 2454 1203 36ἓ

1713 1270 1825 1313 DIE
1849 1270 1901 1313 19
1921 1271 2275 1323 FEBRUARIJ.

1475 1345 1674 1388 Lucida
1696 1345 1858 1400 super.
1881 1346 2026 1400 pedis
2047 1347 2285 1390 Herculis

1960 1416 2054 1459 per
2071 1406 2259 1448 Portat.
2286 1405 2344 1448 50
2372 1405 2454 1450 454

1475 1461 1626 1504 Infer.
1649 1473 1741 1516 pes
1760 1462 1993 1506 eiusdem
2013 1475 2106 1517 per
2123 1464 2255 1506 Port.
2284 1463 2342 1506 43
2372 1463 2453 1509 201

2013 1532 2107 1575 per
2126 1522 2262 1565 Sext.
2286 1521 2342 1564 47
2372 1521 2454 1568 20}

1476 1577 1533 1619 In
1551 1577 1756 1631 inguine
1775 1578 1927 1622 Canis
1946 1579 2161 1623 maioris
2315 1579 2343 1622 8
2373 1580 2431 1622 22

1474 1635 1763 1679 Vmbilicus
1785 1636 2024 1680 Herculis
2084 1654 2091 1660 ⁴
2286 1638 2338 1680 51
2378 1637 2454 1683 174

1476 1693 1700 1737 Dorsum
1720 1706 1835 1738 can.
1858 1695 1982 1740 min.
2003 1706 2097 1750 per
2114 1696 2246 1739 Port.
2287 1695 2343 1738 43
2403 1695 2431 1738 8

2009 1765 2103 1808 per
2121 1754 2256 1797 Sext.
2287 1753 2343 1796 43
2403 1753 2431 1796 8

2286 1812 2343 1854 40
2378 1811 2455 1859 18}

2287 1870 2338 1912 41
2374 1870 2430 1913 53

2008 1940 2102 1982 per
2121 1928 2257 1971 Sext.
2285 1927 2343 1970 48
2401 1928 2455 1974 2}

2010 1998 2104 2040 per
2122 1987 2253 2030 Port.
2285 1985 2344 2029 48
2402 1986 2454 2032 21

1763 2102 1874 2144 DIE
1893 2102 1950 2145 26
1969 2102 2231 2145 APRILIS.

1475 2177 1573 2219 Alt.
1596 2177 1764 2231 Spicae
1780 2176 1845 2235 m)
1859 2178 1911 2220 in
1930 2178 2113 2222 merid.
2133 2178 2229 2221 fuit

1858 2247 1951 2290 per
1970 2236 2029 2288 Q.
2050 2236 2260 2280 Tichon.
2287 2237 2344 2279 25
2403 2237 2431 2279 8
2461 2237 2519 2280 50

1858 2306 1951 2348 per
1971 2294 2030 2346 Q.
2052 2296 2239 2338 Portat.
2287 2295 2344 2337 25
2403 2295 2431 2338 8
2461 2295 2519 2338 30

1814 2410 1923 2452 DIE
1947 2410 1999 2454 18
2020 2411 2184 2463 MAIJ.

1476 2485 1591 2528 Bor.
1614 2485 1843 2528 lancium
1863 2488 1919 2541 Q
1938 2498 2031 2541 per
2049 2488 2236 2531 Portat.
2286 2487 2344 2530 26
2378 2486 2431 2530 19

1477 1810 1629 1853 Canis
1647 1810 1820 1853 minor
1838 1823 1932 1865 per
1949 1813 2138 1856 Portat.

1479 1867 1731 1922 Suprema
1750 1869 1802 1911 in
1822 1881 1937 1924 cap.
1961 1869 2161 1924 Hydrae

1478 1926 1578 1969 Cor
1592 1925 1645 1984 Ω

1706 2602 1816 2645 DIE
1835 2603 1892 2645 24
1912 2603 2290 2646 DECEMBRIS.

1551 2678 1632 2721 Ad
1645 2678 1913 2733 Vesperas.
1935 2679 2028 2722 Per
2047 2679 2106 2730 Q.
2128 2679 2438 2722 Portatilem.

1476 2748 1574 2791 Alt.
1597 2748 1719 2792 min.
1742 2748 1929 2802 primae
1949 2749 2136 2792 caudae

1975 2807 2119 2850 Vrsae
2144 2807 2267 2850 min.
2287 2807 2345 2849 24
2404 2806 2432 2849 9

1476 2865 1575 2908 Alt.
1598 2877 1737 2908 max.
1760 2866 1917 2908 stellae
1937 2865 2130 2919 polaris
2287 2864 2345 2908 58
2375 2865 2432 2907 50
2466 2865 2518 2906 15

1476 2923 1573 2966 Alt.
1596 2923 1718 2966 min.
1741 2924 1929 2967 mediae
1949 2924 2136 2966 caudae

1987 2981 2128 3024 Vrsae
2150 2981 2270 3025 mai.
2292 2981 2348 3024 23
2402 2981 2431 3023 2

1476 3040 1574 3082 Alt.
1596 3039 1719 3084 min.
1741 3042 1993 3083 extremae
2013 3040 2200 3083 caudae

2034 3098 2268 3141 eiusdem
2291 3096 2344 3140 18
2373 3097 2430 3140 23

1475 3156 1573 3199 Alt.
1594 3155 1718 3199 min.
1738 3155 1927 3199 lucidae
1947 3156 2187 3209 quadrati

1979 3214 2123 3257 Vrsae
2143 3214 2265 3257 min.
2287 3213 2339 3256 41
2374 3212 2455 3260 46}
