2742 4204
1189 323 1318 375 1582

427 471 524 516 per
542 460 602 512 Q.
625 459 890 503 minorem
951 460 1010 503 40
1040 461 1092 502 51
1159 461 1187 503 0

428 531 523 574 per
541 519 681 562 Sext.
702 519 834 573 Trig.
950 519 1008 562 40
1039 520 1097 562 52
1129 520 1187 562 20

147 580 254 624 H.2
291 579 473 622 12’45”
518 578 814 629 ΑΖίῐῐι.Θ41
851 578 880 621 Ο
923 578 1023 622 Alt.
1039 578 1097 621 34
1128 579 1186 621 26

295 637 349 681 16
379 638 437 680 25
752 637 811 679 42
842 637 870 680 0
1037 637 1097 680 34
1158 640 1185 681 5

289 697 349 740 46
378 696 437 739 24
751 696 810 738 50
842 697 870 739 0
1037 696 1090 739 31
1156 698 1209 743 Ζὲ

289 756 348 799 50
378 756 435 799 23
752 755 804 798 51
841 756 870 798 0
1036 755 1096 799 30
1126 756 1185 799 26

289 815 347 858 54
383 814 436 858 14
751 815 809 857 52
840 815 869 857 0
1037 815 1095 858 30
1157 817 1184 858 7

443 923 555 965 DIE
574 922 633 966 29
654 921 904 974 MARTIJ.

141 996 239 1038 Alt.
262 1001 307 1046 Θ
327 1005 457 1038 mer.
479 1005 575 1049 per
595 994 655 1045 Q.
680 993 823 1036 Max.
946 993 1000 1036 41
1041 994 1093 1036 15
1155 994 1183 1036 0

482 1065 578 1108 per
597 1053 657 1105 Q.
681 1052 883 1096 minim.
946 1052 998 1095 41
1040 1053 1092 1096 13
1124 1053 1182 1096 30

483 1124 579 1168 per
598 1112 737 1156 Sext.
760 1112 892 1167 Trig.
950 1112 1003 1155 41
1046 1112 1099 1155 14
1123 1113 1182 1156 30

441 1220 553 1263 DIE
571 1219 630 1262 30
652 1219 901 1271 MARTIJ.

143 1299 188 1344 Θ
209 1292 481 1337 oriebatur
498 1291 646 1334 iuxta
667 1290 797 1334 Hor.

668 1350 843 1394 maius
864 1350 930 1394 H.
953 1352 981 1393 5
1019 1351 1087 1394 17¹
1109 1351 1202 1394 30¹¹

137 1412 235 1455 Alt.
254 1417 299 1462 Θ
318 1422 448 1454 mer.
471 1421 566 1465 per
585 1410 646 1462 Q.
671 1410 813 1453 Max.
924 1410 977 1453 41
1014 1410 1073 1453 36
1109 1410 1168 1453 30

468 1481 564 1524 per
583 1470 643 1522 Q.
667 1469 792 1513 min.
925 1469 978 1512 41
1014 1470 1073 1513 36
1110 1470 1168 1513 30

467 1541 563 1584 per
581 1529 720 1572 Sext.
742 1528 874 1584 Trig.
925 1529 979 1572 41
1021 1530 1079 1573 37
1140 1530 1168 1573 0

195 1589 298 1633 Sed
309 1601 417 1633 non
429 1589 725 1633 admodum
737 1588 818 1632 his
832 1589 1204 1633 obseruationi-

137 1650 233 1693 bus
251 1649 542 1700 fidendum,
564 1660 692 1691 nam
709 1655 754 1699 Θ
772 1660 868 1703 per
886 1648 1202 1692 rariufculas

135 1708 301 1752 nubes
315 1708 542 1760 lucebat,
559 1719 657 1752 nec
674 1711 788 1751 erat
806 1707 926 1751 satis
941 1709 1199 1752 serenum.

442 1816 556 1858 DIE
580 1815 598 1858 1
622 1815 891 1859 APRILIS.

132 1888 232 1931 Alt.
249 1893 293 1939 Θ
308 1887 493 1931 merid.
516 1898 612 1942 per
631 1886 692 1939 Q.
716 1886 859 1930 Max.
940 1887 999 1930 42
1030 1888 1083 1930 21
1119 1887 1178 1931 30

514 1957 610 2001 per
629 1946 690 1998 Q.
713 1946 838 1990 min.
940 1946 999 1989 42
1035 1947 1088 1990 19
1148 1948 1177 1990 0

514 2017 610 2061 per
629 2006 769 2049 Sext.
785 2005 916 2061 Trig.
939 2006 998 2049 42
1028 2007 1087 2050 22
1147 2007 1176 2050 0

439 2113 552 2156 DIE
571 2113 598 2156 3
619 2113 888 2157 APRILIS.

131 2186 230 2229 Alt.
249 2191 294 2237 Θ
312 2185 497 2229 merid.
521 2197 616 2240 per
636 2185 696 2237 Q.
721 2185 864 2229 Max.
936 2185 994 2229 43
1056 2187 1084 2228 5
1147 2186 1175 2229 0

520 2256 616 2300 per
635 2245 695 2297 Q.
718 2244 844 2289 min.
937 2245 994 2288 43
1055 2245 1084 2288 4
1115 2245 1174 2288 30

519 2316 616 2360 per
628 2304 768 2348 Sext.
783 2304 915 2360 Trig.
936 2304 994 2348 43
1056 2307 1083 2347 5
1145 2305 1173 2348 0

132 2364 234 2408 H.2
276 2364 305 2407 2
336 2364 394 2408 35
452 2364 758 2415 Azim.O39
789 2364 847 2407 30
903 2365 1001 2408 Alt.
1024 2365 1082 2408 37
1119 2365 1172 2408 16

275 2423 304 2466 4
335 2424 393 2467 20
697 2423 755 2466 40
816 2423 844 2466 0
1024 2424 1082 2467 37
1143 2424 1171 2466 4

204 2483 233 2526 2
275 2484 303 2526 7
335 2483 393 2526 50
696 2483 749 2526 41
816 2483 844 2526 0
1023 2483 1082 2527 36
1112 2483 1172 2527 46

244 2542 304 2586 40
339 2542 391 2585 15
696 2542 755 2585 50
815 2542 844 2586 0
1024 2543 1080 2587 33
1112 2543 1171 2587 36

245 2602 303 2645 44
363 2602 392 2646 0
696 2602 749 2645 51
815 2602 844 2645 0
1022 2603 1080 2646 33
1117 2603 1171 2646 10

244 2661 302 2705 47
333 2663 391 2706 55
695 2662 754 2705 52
815 2662 843 2705 0
1022 2663 1081 2706 32
1111 2663 1195 2710 43}

623 2722 743 2765 haec
764 2733 872 2765 non
893 2722 1030 2766 adeo
1051 2724 1193 2767 bona

433 2829 546 2872 DIE
566 2830 593 2872 7
613 2829 881 2873 APRILIS.

125 2900 223 2944 Alt.
244 2906 288 2952 Θ
309 2912 439 2944 mer.
462 2912 558 2956 per
577 2901 638 2953 Q.
663 2901 805 2944 Max.
1019 2901 1078 2944 44
1108 2901 1192 2949 31}

462 2972 558 3015 per
577 2961 638 3012 Q.
661 2960 786 3004 min.
1019 2960 1078 3003 44
1108 2961 1192 3008 30}

127 3018 236 3062 1-1.1
273 3019 331 3062 59
361 3019 419 3063 58
480 3019 771 3071 ΑΖίῐῐι.Θ39
819 3020 848 3063 0
909 3020 1077 3064 A1t.38
1108 3020 1167 3063 59

212 3079 241 3121 2
301 3079 329 3122 3
359 3079 418 3122 42
709 3079 768 3122 40
817 3079 846 3122 0
1019 3079 1077 3123 38
1108 3079 1166 3123 39

772 3151 881 3183 non
901 3139 1021 3182 satis
1042 3142 1189 3183 certa

301 3199 328 3240 7
389 3198 418 3241 4
711 3198 764 3241 41
818 3198 847 3242 0
1017 3198 1076 3242 38
1112 3198 1165 3242 19

269 3256 329 3300 39
388 3257 417 3300 0
710 3258 769 3301 50
817 3258 846 3301 0
1017 3258 1075 3301 35
1137 3259 1164 3301 7

270 3316 329 3359 42
359 3315 418 3359 49
710 3318 762 3360 51
817 3317 846 3360 0
1017 3317 1076 3360 34
1105 3317 1163 3361 43

271 3375 418 3419 4640
710 3376 768 3420 52
817 3376 846 3419 0
1016 3376 1163 3420 3419

1629 462 1740 505 DIE
1762 462 1789 505 9
1809 464 2014 508 APRIL.

1286 520 1351 563 H.
1368 522 1394 563 7
1418 521 1487 564 M.
1505 520 1532 563 9
1552 521 1689 564 visus
1710 521 1780 565 est
1800 529 1844 573 Θ
1866 524 2125 570 occidere.

1280 1291 1377 1335 Die
1402 1292 1469 1336 13.
1492 1292 1588 1335 Per
1608 1292 1668 1344 Q.
1693 1293 1835 1336 Max.

1492 1363 1588 1405 per
1607 1351 1667 1403 Q.
1691 1352 1816 1396 min.

1492 1422 1588 1465 per
1608 1411 1747 1455 Sext.
1769 1413 1900 1468 Trig.

1279 1470 1376 1514 Die
1401 1470 1468 1514 14.
1491 1471 1587 1513 Per
1606 1470 1666 1522 Q.
1691 1472 1834 1515 Max.

1492 1542 1588 1584 per
1608 1530 1668 1582 Q.
1692 1531 1817 1575 min.

1492 1601 1588 1643 per
1607 1590 1746 1633 Sext.
1762 1591 1893 1647 Trig.

1278 1649 1374 1692 Die
1400 1650 1466 1693 15.
1490 1650 1585 1692 Per
1605 1649 1665 1701 Q.
1690 1650 1833 1694 Max.

1491 1720 1587 1763 per
1606 1709 1667 1761 Q.
1689 1710 1814 1754 min.

1491 1779 1587 1822 per
1607 1769 1745 1812 Sext.
1768 1770 1900 1826 Trig.

1276 1828 1374 1871 Die
1399 1828 1467 1873 16.
1490 1829 1585 1871 Per
1606 1828 1666 1880 Q.
1691 1828 1834 1873 Max.

1490 1899 1587 1942 per
1606 1888 1667 1940 Q.
1692 1888 1816 1933 Min.

1489 1958 1585 2001 per
1608 1948 1747 1992 Sext.
1769 1949 1901 2004 Trig.

1275 2006 1372 2050 Die
1397 2007 1464 2051 17.
1487 2007 1583 2050 Per
1602 2007 1663 2059 Q.
1688 2007 1830 2052 Max.

1487 2078 1584 2121 per
1604 2067 1664 2119 Q.
1687 2068 1811 2112 min.

1274 2126 1372 2170 Die
1396 2126 1464 2171 18.
1487 2127 1582 2169 Per
1602 2127 1662 2179 Q.
1686 2124 1828 2171 Max.

1487 2198 1583 2240 per
1603 2186 1662 2238 Q.
1686 2186 1811 2231 min.

1486 2246 1789 2295 &occidere
1808 2247 1946 2291 uisus
1968 2248 2038 2292 est
2054 2248 2118 2292 H.
2133 2250 2159 2291 7
2182 2249 2251 2293 M.
2265 2250 2337 2294 32.

1271 2305 1369 2348 Die
1389 2306 1461 2349 21.
1484 2306 1579 2348 Per
1599 2305 1659 2357 Q.
1684 2306 1826 2349 Max.

1484 2376 1580 2419 per
1599 2365 1659 2417 Q.
1683 2365 1807 2409 min.

1270 2424 1368 2468 Die
1387 2425 1460 2468 24.
1483 2425 1578 2468 Per
1598 2425 1658 2477 Q.
1684 2425 1827 2469 Max.

1482 2485 1578 2527 Per
1597 2484 1657 2536 Q.
1682 2483 1806 2528 min.

1269 2543 1367 2588 Die
1386 2544 1459 2588 27.
1481 2545 1577 2587 Per
1596 2544 1656 2596 Q.
1681 2544 1804 2588 Mai.

1483 2615 1578 2658 per
1598 2604 1658 2656 Q.
1683 2603 1807 2647 min.

1268 2663 1365 2707 Die
1386 2663 1458 2708 28.
1481 2664 1577 2707 Per
1590 2663 1650 2715 Q.
1675 2664 1798 2708 Mai.

1482 2734 1577 2777 per
1598 2723 1658 2775 Q.
1681 2723 1806 2767 min.

1267 2782 1365 2826 Die
1385 2782 1458 2826 29.
1480 2784 1575 2826 Per
1595 2783 1655 2835 Q.
1680 2783 1803 2827 Mai.

1480 2854 1577 2896 per
1596 2842 1656 2894 Q.
1680 2842 1804 2886 min.

1267 2901 1365 2945 Die
1384 2902 1457 2945 30.
1479 2903 1574 2945 Per
1594 2902 1655 2954 Q.
1679 2902 1802 2946 Mai.

1480 2973 1576 3016 per
1595 2962 1655 3014 Q.
1680 2961 1805 3005 min.

1715 3068 1883 3121 MAIJ.

1264 3139 1361 3183 Die
1381 3139 1423 3182 8.
1475 3141 1571 3183 Per
1591 3140 1651 3192 Q.
1674 3140 1863 3184 minor.

1263 3199 1361 3242 Die
1380 3199 1423 3243 9.
1475 3200 1570 3243 Per
1589 3199 1649 3251 Q.
1674 3200 1862 3243 minor.

1263 3258 1359 3302 Die
1379 3259 1452 3302 22.
1474 3260 1569 3302 Per
1588 3259 1649 3311 Q.
1673 3259 1815 3302 Max.

1262 3317 1360 3361 Die
1378 3318 1451 3361 24.
1473 3319 1568 3362 Per
1588 3318 1648 3370 Q.
1671 3319 1858 3362 maior.

1262 3376 1359 3421 Die
1378 3377 1451 3421 28.
1474 3378 1569 3421 Per
1589 3377 1649 3430 Q.
1671 3378 1860 3421 minor.

2256 329 2348 381 133

1485 627 1796 672 Altitudines
1817 630 2142 675 meridianae.

1284 697 1382 741 Die
1406 698 1473 741 10.
1496 699 1591 740 Per
1611 698 1671 749 Q.
1695 700 1882 744 maior.

1497 769 1592 811 per
1612 757 1671 809 Q.
1695 759 1820 802 min.

1497 827 1592 870 per
1614 817 1753 861 Sext.
1775 818 1906 873 Trig.

1282 875 1380 918 Die
1405 876 1472 920 ll.
1495 876 1591 918 Per
1610 876 1670 927 Q.
1695 877 1818 921 mai.

1496 946 1593 989 per
1612 935 1672 987 Q.
1696 936 1820 980 min.

1495 1005 1592 1048 per
1611 995 1750 1039 Sext.
1772 996 1902 1052 Trig.

1281 1053 1378 1097 Die
1404 1054 1471 1097 12.
1494 1054 1589 1096 Per
1609 1054 1669 1106 Q.
1694 1055 1837 1099 Max.

1494 1124 1590 1167 per
1609 1113 1669 1165 Q.
1693 1114 1817 1159 min.

1493 1184 1590 1227 per
1610 1173 1749 1216 Sext.
1771 1175 1902 1231 Trig.

1495 1232 1560 1275 H.
1574 1233 1600 1274 7
1620 1233 1690 1276 M.
1706 1233 1759 1276 19
1773 1240 1818 1284 Θ
1835 1235 2080 1279 occidere
2099 1236 2237 1280 uisus
2258 1239 2342 1283 est.

2088 701 2146 745 45
2177 703 2233 747 33
2295 706 2323 748 0

2088 761 2145 803 45
2177 763 2234 806 33
2296 765 2323 807 0

2088 820 2146 863 45
2178 821 2235 865 33
2272 823 2323 866 15

2089 879 2146 922 45
2178 882 2235 924 52
2267 883 2324 925 50

2089 939 2146 981 45
2178 941 2235 983 52
2266 941 2323 984 45

2088 997 2146 1040 45
2178 999 2234 1042 53
2266 1000 2324 1043 30

2088 1057 2146 1101 46
2183 1058 2234 1101 13
2266 1060 2323 1103 50

2089 1117 2147 1160 46
2183 1118 2235 1161 13
2296 1120 2323 1162 O

2086 1176 2232 1220 4615
2294 1179 2322 1222 0

2087 1295 2145 1339 46
2176 1296 2233 1340 33
2265 1298 2323 1341 20

2086 1354 2145 1398 46
2175 1356 2233 1399 32
2264 1357 2322 1400 30

2087 1414 2144 1458 46
2176 1415 2232 1458 35
2294 1418 2322 1460 0

2088 1474 2146 1517 46
2177 1475 2235 1518 54

2087 1534 2145 1577 46
2176 1535 2235 1577 54

2087 1593 2145 1636 46
2176 1594 2234 1637 54

2087 1653 2144 1696 47
2181 1654 2234 1696 14
2294 1656 2322 1698 0

2086 1712 2144 1755 47
2181 1713 2232 1756 15
2293 1715 2321 1758 0

2084 1772 2141 1814 47
2178 1773 2230 1815 15
2292 1774 2320 1817 0

2084 1831 2141 1874 47
2173 1832 2231 1875 32
2262 1833 2320 1877 40

2083 1891 2140 1933 47
2172 1892 2231 1935 30
2261 1893 2320 1936 30

2084 1950 2142 1993 47
2173 1951 2230 1994 35
2292 1953 2320 1995 0

2084 2010 2141 2053 47
2173 2011 2230 2054 53
2291 2012 2319 2054 0

2082 2070 2139 2113 47
2170 2071 2229 2113 52
2259 2071 2317 2114 30

2082 2129 2140 2172 48
2176 2130 2230 2172 10
2260 2131 2318 2174 40

2079 2189 2137 2232 48
2174 2190 2221 2232 11
2263 2190 2315 2234 10

2078 2308 2136 2351 49
2198 2310 2224 2351 7
2256 2309 2314 2352 30

2079 2368 2137 2410 49
2199 2369 2225 2411 7
2256 2369 2315 2412 40

2078 2427 2136 2470 50
2202 2428 2219 2470 1
2286 2429 2315 2471 0

2078 2486 2137 2529 50
2197 2487 2226 2530 0
2286 2488 2314 2531 0

2078 2546 2136 2589 50
2167 2547 2225 2589 52
2286 2547 2314 2590 0

2077 2605 2134 2649 50
2165 2607 2223 2649 52
2284 2607 2312 2649 0

2076 2665 2128 2708 51
2196 2667 2223 2708 7
2254 2666 2312 2709 30

2075 2725 2127 2767 51
2194 2725 2221 2768 8
2283 2726 2311 2768 0

2075 2785 2127 2827 51
2164 2785 2220 2828 23
2282 2785 2310 2827 0

2079 2844 2131 2886 51
2168 2844 2225 2887 23
2281 2844 2309 2887 0

2074 2903 2125 2946 51
2162 2903 2220 2946 38
2250 2903 2307 2946 45

2072 2963 2124 3005 51
2161 2963 2218 3006 38
2249 2962 2307 3005 40

1979 3169 1982 3172 -
2070 3141 2126 3184 53
2158 3141 2216 3184 56
2246 3141 2305 3184 30

2069 3200 2126 3243 53
2158 3200 2215 3243 49
2275 3200 2303 3243 0

2069 3259 2127 3302 56
2187 3259 2302 3301 815

2066 3318 2124 3362 56
2155 3318 2214 3361 24
2274 3318 2301 3360 0

2066 3377 2124 3421 56
2155 3377 2206 3420 51
2273 3377 2301 3419 0
