2742 4204
436 305 525 354 126

431 437 803 490 supponuntur,
832 433 1045 477 dabitur
1068 433 1246 485 itaque
1277 430 1467 473 distan-

436 494 504 537 tia
532 494 665 536 2756
695 493 837 546 quod
864 491 990 534 [atis
1021 489 1311 533 concordat
1342 499 1463 530 cum

430 550 800 605 superioribus.

488 609 691 652 Eodem
709 607 796 650 die
810 607 863 649 in
871 606 995 649 ueni
1008 605 1241 647 mediam
1264 605 1321 646 et
1336 602 1467 645 luci-

431 667 631 709 diorem
660 665 786 708 colli
805 663 989 718 pegasi
1006 674 1111 716 per
1124 661 1386 704 Armillas
1411 660 1465 702 in

434 724 563 766 1022
584 724 651 780 )(,
673 723 727 765 in
748 724 915 765 altera
932 722 1086 774 parte
1110 719 1222 771 10.0,
1243 718 1467 761 latitudo

434 781 575 824 1730.
604 781 746 823 EBet
773 780 952 832 itaque
984 778 1024 820 si
1052 777 1286 819 medium
1323 775 1469 829 quali

429 838 674 892 capiatur
691 849 816 880 vera
836 836 999 879 l'tellae
1013 835 1175 877 huius
1194 834 1466 887 longitudo

428 896 482 938 in
507 896 560 939 10
573 907 627 949 p.
647 896 714 937 10⁴
733 895 799 951 )-(.
817 895 961 936 Inter
976 904 1039 936 os
1058 892 1246 945 Pegali
1264 893 1320 934 et
1334 890 1467 933 Iuci-

428 955 550 996 dam
572 952 699 996 colli
715 951 901 995 inueni
918 962 983 994 eo
1000 950 1206 1003 vesperi
1221 950 1351 992 148⁴.
1365 949 1467 991 Po-

428 1011 533 1054 stea
561 1009 838 1053 obseruaui
858 1008 1086 1063 primam
1116 1009 1219 1051 alae
1244 1007 1465 1050 Mai-cab

429 1068 617 1111 dictam
640 1068 693 1110 in
714 1066 1043 1121 longitudine
1067 1066 1195 1108 1725
1214 1065 1373 1118 quali,
1389 1065 1467 1107 Ia-

430 1126 650 1169 titudIne
670 1125 832 1179 ipsius
852 1124 1108 1166 existente
1131 1123 1291 1165 19.20⁴.

661 1242 769 1283 DIE
788 1242 816 1283 4
836 1239 1230 1283 NOUEMBRIS.

426 1312 609 1354 Vultur
629 1315 679 1354 et
705 1311 844 1364 Lyra
1296 1308 1354 1351 34
1413 1308 1441 1351 6

426 1370 567 1423 Lyra
586 1372 637 1412 et
656 1369 825 1411 cauda
845 1367 996 1421 cygni
1296 1367 1353 1409 23
1383 1367 1440 1409 24

426 1427 602 1469 Cauda
616 1427 774 1480 Cygni
794 1428 844 1468 et
857 1424 1034 1479 pectus
1054 1424 1282 1467 eiusdem
1325 1425 1352 1467 6
1413 1425 1441 1467 Ο

654 1548 763 1589 DIE
784 1549 809 1589 7
831 1546 1226 1589 NOUEMBRIS.

630 1617 891 1659 Distantiae
911 1628 1003 1669 per
1022 1616 1254 1658 Radium.

421 1675 604 1717 Vultur
623 1678 673 1717 et
693 1675 861 1717 cauda
882 1674 1040 1728 Cygni
1293 1675 1350 1717 37
1380 1675 1438 1718 56

421 1734 613 1775 Eadem
635 1733 867 1775 distantia
887 1733 1110 1775 secundo
1130 1732 1200 1774 in-

1118 1794 1274 1834 venta
1293 1791 1350 1834 37
1380 1793 1436 1834 55

419 1850 583 1902 Caput
604 1849 842 1891 Herculis
862 1851 912 1890 et
932 1848 1192 1902 Ophiuchi
1320 1851 1348 1891 5
1408 1849 1458 1902 9,

418 1907 533 1949 haec
555 1907 835 1960 repetenda
856 1906 925 1949 est
945 1907 1200 1950 sereniore
1221 1909 1373 1952 coelo.

418 1965 558 2018 Lyra
578 1968 629 2007 et
649 1965 818 2007 cauda
838 1965 998 2019 Cygni
1291 1966 1348 2009 23
1378 1967 1437 2009 20

947 2023 1172 2067 secundo
1290 2025 1347 2067 23
1378 2025 1430 2067 21

416 2081 611 2123 Dextra
620 2082 704 2123 ala
715 2081 874 2135 Cygni
882 2081 1160 2124 etrostrum
1168 2083 1278 2125 eius
1296 2083 1348 2125 17
1384 2084 1434 2125 15

415 2197 620 2239 Sinistra
640 2198 723 2239 ala
743 2200 794 2239 et
812 2197 1032 2240 rostrum
1296 2141 1458 2243 16fe516e

415 2256 611 2297 Dextra
631 2258 680 2297 et
700 2255 890 2298 sinistra
910 2256 993 2298 ala
1295 2258 1348 2300 16
1407 2258 1435 2301 6

414 2372 611 2413 Dextra
631 2372 714 2413 ala
735 2375 785 2414 et
804 2363 983 2425 pectus
1003 2373 1162 2427 Cygni
1319 2317 1457 2418 gfeige

414 2428 591 2472 Pectus
611 2432 661 2472 et
681 2431 852 2472 cauda
872 2431 1024 2484 cygni
1317 2433 1397 2535 δὴ
1398 2433 1455 2535 146

415 2545 620 2588 Sinistra
641 2548 724 2588 ala
744 2549 794 2589 et
812 2545 990 2599 peetus
1011 2548 1164 2602 cygni
1318 2551 1343 2591 7
1374 2550 1426 2592 51

474 2603 572 2645 Hae
585 2604 970 2648 obseruationes
982 2606 1093 2648 sunt
1103 2605 1259 2650 facstae
1270 2608 1321 2650 in
1333 2611 1454 2652 aere

412 2662 634 2705 nubibus
646 2662 865 2706 obscuro
877 2666 927 2705 et
938 2665 1081 2707 claro
1093 2665 1288 2708 lumine
1298 2667 1451 2710 lunae.

630 2785 740 2826 DIE
764 2785 815 2827 12
836 2785 1232 2829 NOUEMBRIS.

412 2854 676 2897 Distantiae
695 2866 786 2908 per
807 2855 1023 2898 Radium

411 2912 597 2955 Vultur
615 2916 666 2955 et
687 2913 859 2956 lucida
880 2925 998 2967 quae
1017 2916 1174 2968 paulo

528 2971 680 3024 supra
700 2972 927 3014 caudam
948 2972 1175 3016 eiusdem
1196 2974 1265 3017 est
1290 2975 1342 3017 12
1401 2977 1428 3017 5

1344 3033 1452 3077 fere

410 3087 548 3130 Inter
567 3088 793 3130 caudam
813 3087 965 3143 cygni
985 3092 1036 3131 et
1055 3090 1225 3143 lyram
1284 3091 1341 3134 23
1371 3092 1428 3134 23

410 3146 549 3188 Inter
567 3146 795 3188 caudam
815 3146 967 3200 cygni
987 3150 1037 3189 et

699 3204 925 3258 primam
946 3206 1044 3247 alae
1065 3206 1264 3249 dextrae
1313 3207 1341 3250 9
1370 3207 1428 3250 49

1372 3265 1450 3309 bis

1449 295 1562 346 1581

1540 431 1678 473 Inter
1697 430 1925 472 caudam
1946 431 2098 484 cygni
2118 434 2168 474 et
2188 432 2328 475 alam

2150 489 2396 533 finistram
2421 490 2467 533 11
2502 492 2560 535 20

2268 547 2397 591 alias
2420 549 2467 591 ll
2507 549 2560 592 18

1540 603 1679 645 Inter
1698 603 1938 645 dextram
1959 604 2100 646 alam
2120 607 2172 647 et

2035 660 2215 714 peetus
2235 662 2394 717 Cygni
2443 664 2471 707 8
2501 664 2560 707 20

1540 718 1678 760 Inter
1696 717 1937 771 Aquilam
1957 721 2008 761 et
2027 720 2269 762 dextrum

2042 777 2322 820 humerum
2335 787 2392 826 m
2411 779 2468 822 35
2527 781 2556 823 6

2273 836 2401 879 alias
2418 837 2476 880 35
2535 839 2564 881 4

1539 892 1676 933 Inter
1695 902 1755 934 os
1771 891 1942 945 Pegafi'
1959 894 2010 935 et
2029 893 2257 936 lucidam
2277 894 2395 937 colli
2419 895 2472 938 14
2530 897 2557 938 7

1539 950 1677 991 Inter
1695 960 1755 992 os
1773 950 1941 1003 Pegafi
1968 953 2019 992 et
2042 951 2272 1004 primam
2296 953 2396 995 alae
2413 953 2472 996 20
2530 954 2559 997 9

1537 1007 1615 1050 Ab
1626 1018 1716 1049 ore
1727 1008 1894 1061 Pegasi
1908 1008 1976 1050 ad
1989 1012 2281 1052 extremam
2296 1011 2395 1053 alae
2413 1011 2470 1054 37
2531 1012 2558 1054 8

1537 1065 1616 1106 Ab
1637 1068 1872 1107 extrema
1892 1066 1992 1108 alae
2011 1067 2179 1120 Pegafi
2199 1067 2267 1110 ad

1920 1124 2138 1168 lucidius
2158 1136 2323 1169 cornu
2334 1131 2394 1178 V
2411 1127 2470 1170 24
2499 1128 2556 1170 50

1537 1181 1582 1222 Α
1594 1180 1769 1224 medio
1790 1183 2101 1234 cornuvad
2116 1184 2328 1226 oculum
2343 1183 2399 1240 ξς
2411 1185 2468 1228 38
2498 1185 2556 1228 36

2263 1241 2392 1285 alias
2409 1242 2468 1285 38
2497 1243 2556 1287 34

1536 1296 1615 1339 Ab
1631 1298 1785 1340 oculo
1801 1296 1856 1354 ὅ
1868 1297 1920 1340 in
1938 1297 2151 1342 inferius
2172 1302 2330 1354 caput
2347 1301 2395 1356 ][
2412 1300 2469 1343 45
2528 1301 2557 1344 6

2264 1358 2392 1402 alias
2411 1358 2468 1402 44
2497 1359 2556 1402 58

1535 1413 1580 1454 Α
1600 1424 1732 1456 cane
1752 1413 1954 1458 minore
1974 1415 2042 1458 ad
2062 1416 2276 1458 oculum
2291 1415 2346 1472 {5
2412 1417 2469 1460 46
2504 1417 2556 1460 18

1755 1530 1866 1573 DIE
1889 1531 1940 1574 17
1962 1531 2359 1576 NOUEMBRIS.

1534 1600 1628 1643 Per
1644 1600 1876 1643 Radium.
1899 1601 2039 1644 Inter
2056 1602 2288 1646 lucidam

1618 1669 1832 1701 coronae
1852 1662 1904 1702 et
1922 1660 2153 1703 lucidam
2171 1661 2390 1706 vulturis
2409 1661 2466 1705 63
2498 1663 2555 1706 40

1536 1716 1675 1759 Inter
1694 1717 1867 1771 capita
1888 1717 2126 1761 Herculis
2146 1722 2198 1762 et

2133 1777 2393 1831 Ophiuchi
2440 1780 2467 1821 5
2527 1778 2579 1825 83

1751 1892 1861 1934 DIE
1885 1892 1937 1934 18
1958 1893 2356 1937 NOUEMBRIS.

1531 1962 1624 2004 Per
1643 1962 1876 2005 Radium.
1899 1962 2039 2006 Inter
2057 1963 2230 2018 capita
2251 1964 2378 2007 Her-

1909 2021 2038 2064 culis
2058 2023 2110 2064 et
2128 2021 2388 2076 Ophiuchi
2435 2024 2463 2065 5
2524 2023 2552 2065 9

1532 2078 1670 2121 Inter
1689 2090 1908 2122 manum
1925 2079 2134 2122 Antinoi
2153 2083 2205 2123 et
2224 2081 2331 2123 fini-

1860 2137 2019 2180 strum
2037 2137 2319 2181 humerum
2332 2148 2389 2187 xa
2407 2140 2464 2182 20
2494 2140 2551 2182 47

1531 2195 1670 2237 Inter
1685 2195 1915 2238 lucidam
1935 2206 2149 2239 coronae
2169 2199 2221 2239 et
2233 2197 2386 2240 lucid.

2157 2255 2386 2299 Vulturis
2405 2256 2461 2299 63
2492 2255 2550 2298 40

1530 2311 1669 2354 Inter
1686 2312 1858 2366 lyram
1878 2315 1931 2356 et
1949 2312 2177 2355 caudam
2197 2313 2357 2368 Cygni
2405 2314 2462 2357 23
2492 2314 2543 2356 21

1747 2429 1860 2471 DIE
1877 2429 1935 2471 24
1956 2429 2352 2474 NOUEMBRIS.

1528 2499 1797 2543 Distabant
1814 2510 1909 2553 per
1929 2499 2168 2543 Radium:
2203 2498 2215 2503 ’

1527 2557 1728 2600 Lucida
1748 2568 1962 2601 coronae
1981 2561 2033 2601 et
2058 2557 2211 2612 Spica
2226 2557 2292 2615 11])
2404 2557 2461 2601 49
2491 2558 2549 2601 40

1527 2615 1680 2670 Spica
1701 2615 1767 2673 m>
1781 2618 1833 2659 et
1852 2627 1946 2659 cor
1966 2615 2019 2673 Ω
2403 2617 2460 2658 55
2490 2615 2549 2658 54

1527 2674 1628 2717 Cor
1648 2673 1701 2732 Ω
1722 2677 1774 2718 et
1791 2673 2004 2717 inferius
2024 2677 2183 2729 caput
2198 2674 2247 2731 ][
2403 2673 2461 2718 36
2490 2673 2548 2716 24

1745 2791 1856 2834 DIE
1874 2791 1931 2834 25
1952 2790 2349 2835 NOUEMBRIS.

1524 2862 1618 2904 Per
1637 2861 1870 2905 Radium.

1526 2919 1627 2963 Cor
1647 2919 1701 2977 Ω
1721 2922 1772 2963 et
1791 2919 1944 2963 Canis
1962 2919 2135 2963 minor
2401 2918 2454 2962 41
2488 2918 2546 2961 44

1525 2978 1678 3021 Canis
1691 2978 1865 3022 minor
1877 2980 1929 3021 et
1941 2977 2154 3021 inferius
2168 2980 2326 3032 caput
2337 2977 2384 3034 ][
2401 2977 2459 3020 22
2488 2976 2546 3020 38

1525 3036 1627 3080 Cor
1641 3036 1694 3094 Ω
1709 3039 1761 3080 et
1780 3036 1952 3079 cauda
1967 3035 2021 3094 Ω
2430 3034 2458 3077 8
2492 3034 2545 3077 16

1743 3141 1854 3184 DIE
1872 3140 1930 3184 26
1949 3140 2347 3184 NOUEMBRIS.

1522 3211 1615 3253 Per
1634 3211 1868 3254 Radium.

1524 3269 1712 3313 Manus
1731 3268 1939 3312 Antinoi
1959 3271 2010 3312 et
2029 3279 2089 3312 os
2107 3269 2276 3324 Pegasi
2399 3268 2456 3311 25
2491 3267 2538 3310 11
