2742 4204
1156 337 1283 391 1584

124 479 267 523 Decl.
288 477 424 520 illius
444 477 496 519 in
515 489 655 521 zona
675 477 931 520 Androm.
950 477 1008 520 33
1039 478 1120 523 24}

124 537 431 582 Differentia
442 536 637 579 Arcens
636 569 645 578 .
658 536 710 579 R.
723 536 859 579 inter
872 536 1185 579 lucidiorem

181 608 247 640 ex
258 596 463 639 duabus
478 595 829 649 superioribus
843 596 895 637 in
905 596 1183 650 Triangulo

180 656 221 699 δι
240 654 455 698 inferius
475 658 635 709 caput
653 654 702 710 ][
948 654 1005 698 83
1036 655 1095 697 39

122 714 415 758 Declinatio
435 713 570 756 illius
589 713 643 756 in
656 713 932 768 Triangulo
947 714 1006 757 32
1037 714 1118 760 58}

121 773 431 817 Differentia
460 773 664 816 Arcens.
695 773 831 816 inter
857 772 1101 815 infimam
1131 774 1183 816 in

177 833 400 887 Trigono
416 832 456 874 81
471 832 686 875 inferius
704 835 866 887 caput
879 832 928 888 ][
947 831 1004 875 85
1035 833 1118 879 31ὲ

120 891 413 935 Declinatio
433 891 569 934 illius
586 891 638 934 in
652 891 931 947 Triangulo
945 891 1004 934 27
1035 892 1092 935 33

179 950 310 994 Haec
331 951 597 1005 postrema
620 951 918 994 obseruatio
938 950 1074 994 inter
1092 964 1183 994 nu-

119 1011 211 1054 bes
231 1009 371 1053 faeta
391 1010 479 1054 est.

318 1105 430 1147 DIE
449 1105 507 1147 27
527 1105 621 1147 AD
643 1105 980 1148 VESPERAS.

119 1164 429 1208 Differentia
463 1164 666 1208 Arcens.
701 1165 754 1207 R.
794 1165 929 1208 inter
966 1164 1181 1208 inferius

176 1223 396 1280 caput]
410 1224 450 1267 81
462 1223 661 1267 Canem
672 1224 934 1268 maiorem
950 1224 1002 1267 13
1039 1225 1092 1267 15

177 1284 321 1327 Decl.
344 1282 604 1326 inferioris
623 1283 810 1338 capitis
828 1283 877 1340 ][
945 1283 1003 1326 28
1034 1283 1092 1326 53

117 1342 427 1386 Differentia
460 1342 663 1386 Arcens.
699 1343 751 1386 R.
792 1344 927 1387 inter
963 1343 1181 1387 inferius

175 1404 336 1456 caput
352 1401 402 1458 Π
420 1402 461 1444 8ι
482 1413 578 1446 cor
599 1401 653 1460 Ω
940 1402 1000 1446 36
1032 1403 1085 1446 31

115 1461 410 1505 Declinatio
431 1461 608 1505 cordis
630 1460 684 1519 Ω
948 1461 1001 1505 13
1032 1462 1092 1505 54

116 1520 425 1564 Dii-'ferentia
462 1521 667 1565 Ascens.
703 1522 754 1564 R.
790 1521 926 1565 inter
963 1521 1179 1566 inferius

173 1583 333 1635 eaput
350 1580 399 1644 Π
418 1581 459 1624 8ι
480 1580 747 1624 ceruicem
766 1579 821 1639 Ω
942 1581 1001 1625 39
1036 1581 1090 1624 14

113 1639 407 1683 Declinatib
429 1640 653 1684 ceruicis
675 1639 729 1699 Ω
941 1641 994 1684 21
1031 1641 1113 1688 522}

135 1746 248 1789 DIE
267 1746 297 1789 2
317 1746 688 1790 DECEMBRIS
707 1748 802 1790 AD
818 1747 1157 1791 VESPERAS.

113 1805 420 1850 Differentia
430 1807 634 1850 Arcens.
646 1807 697 1851 R.
710 1807 846 1851 inter
856 1809 1071 1852 oculum
1077 1807 1177 1865 o&

169 1865 405 1909 lucidum
419 1866 704 1910 humerum
719 1866 929 1911 Orionis
940 1867 998 1910 20
1058 1867 1088 1910 4

112 1924 421 1969 Differentia
453 1926 657 1969 Arcens.
693 1926 745 1969 R.
779 1927 915 1970 inter
946 1927 1176 1971 eundem

168 1984 403 2028 lucidum
432 1984 718 2029 humerum
746 1986 957 2030 Orionis
984 1987 1025 2030 81
1051 1987 1177 2030 infe-

168 2044 276 2087 rius
296 2047 459 2099 caput
478 2045 528 2101 Π
937 2045 997 2089 26
1027 2046 1110 2093 41³5

111 2102 421 2147 Differentia
452 2105 657 2148 Arcens.
693 2105 745 2148 R.
786 2105 922 2149 inter
958 2105 1176 2150 inferius

169 2166 330 2217 caput
346 2163 396 2221 Π
415 2164 457 2207 81
477 2164 736 2208 sinistrum
756 2164 1044 2209 humerum
1065 2165 1176 2209 Ori-

169 2223 283 2266 onis
938 2225 997 2269 34
1033 2225 1086 2268 10

110 2281 420 2326 Differentia
452 2283 658 2327 Arcens.
694 2284 746 2328 R.
785 2283 921 2328 inter
957 2284 1175 2329 inferius

168 2344 328 2396 caput
338 2342 388 2399 ][
402 2342 442 2385 81
452 2342 652 2387 Canem
664 2344 928 2388 maiorem
944 2345 996 2388 13
1028 2345 1086 2388 20

341 2449 456 2492 DIE
474 2449 533 2493 20
553 2450 939 2495 DECEMBRIS.

109 2508 204 2551 Per
221 2508 469 2552 Armillas
488 2510 770 2555 Australes.

111 2566 405 2612 Declinatio
428 2569 708 2624 superioris
728 2570 916 2626 capitis
933 2571 982 2628 Π

110 2685 309 2730 Declin.
331 2687 607 2732 meridion.
632 2689 820 2744 eapitis
838 2690 887 2747 ][
936 2690 996 2733 28
1027 2692 1084 2734 57

109 2744 309 2789 Declin.
330 2747 490 2790 lucidi
513 2747 662 2802 pedis
681 2749 872 2793 Ericht.
936 2750 995 2793 28
1057 2750 1085 2793 9

109 2803 306 2848 Declin.
331 2807 494 2850 calcis
513 2807 663 2861 pedis
680 2808 729 2866 ][
937 2810 996 2853 22
1026 2809 1084 2853 37

110 2863 307 2908 De01in.
331 2866 507 2909 cordis
528 2865 582 2924 Ω
650 2867 703 2910 14
764 2868 792 2911 0
844 2887 957 2918 Erant
970 2896 1088 2927 prope

108 2922 306 2968 Declin.
330 2926 552 2969 ceruicis
575 2925 629 2984 Ω
645 2927 703 2970 20
733 2929 791 2971 57
806 2868 1078 2984 }horizontem

109 2981 308 3027 Declin.
329 2984 522 3029 lucidae
542 2986 594 3029 in
615 2987 865 3042 capiteV
936 2989 988 3031 21
1025 2989 1083 3032 27

109 3088 221 3132 DIE
245 3090 299 3133 21
324 3091 694 3136 DECEMBRIS
715 3094 809 3137 AD
830 3094 1169 3139 VESPERAS.

108 3147 403 3194 Declinatio
424 3152 600 3196 cordis
622 3152 676 3211 Ω
940 3155 992 3198 13
1023 3154 1083 3198 59

426 3211 650 3255 ceruicis
675 3212 729 3270 Ω
934 3214 986 3257 21
1023 3215 1082 3257 54

426 3271 617 3315 caudae
639 3271 693 3330 Ω
939 3273 992 3316 16
1023 3275 1081 3316 55

167 3352 179 3376 ¹
201 3356 358 3389 Difficile
370 3357 478 3391 letstu.

166 3399 183 3423 ²
204 3404 348 3436 Minuta
360 3405 500 3438 incerta
514 3408 563 3438 ob
578 3407 711 3439 folium
724 3408 937 3440 laceratum.

2218 349 2323 404 337

1581 493 1735 526 coxae
1757 483 1810 541 Ω
2089 488 2146 530 22
2178 488 2259 535 48}

1581 542 1780 586 boreal.
1803 545 1950 597 pedis

1785 603 2065 661 Erichtonij
2088 606 2146 649 32
2177 607 2234 649 25

1580 660 1740 703 lucidi
1759 662 1906 715 pedis

1784 721 2064 778 Erichtonij
2087 724 2145 766 28
2182 725 2234 768 10

1260 773 1570 818 Differentia
1590 777 1792 821 Arcens.
1811 780 1862 822 R.
1885 781 2019 825 inter
2040 785 2323 842 oculum&

1317 834 1358 875 ἃ
1380 845 1578 878 coxam
1600 835 1653 893 Ω
2088 842 2146 885 99
2177 844 2285 889 51ὲ1

1258 893 1570 937 Differentia
1607 896 1812 941 Arcens.
1847 898 1981 942 inter
2020 902 2234 944 oculum
2267 903 2323 960 ξς

1317 953 1358 994 8ι
1379 954 1611 996 caudam
1634 954 1687 1012 Ω
2063 960 2144 1002 108
2176 961 2234 1003 49

1258 1011 1570 1056 Differentia
1601 1014 1805 1058 Arcens.
1841 1016 1974 1060 inter
2010 1018 2222 1072 Spicam
2256 1020 2321 1078 m)

1317 1071 1358 1113 81
1379 1073 1594 1115 oculum
1618 1073 1674 1130 ξς
2063 1078 2145 1121 132
2175 1079 2263 1121 45²

1317 1131 1518 1175 Omnes
1537 1134 1903 1187 praecedentes
1930 1137 2322 1182 obseruationes

1256 1191 1600 1243 perArmillas
1608 1193 1788 1236 versus
1798 1194 2011 1248 reptent.
2024 1196 2137 1239 sunt
2147 1196 2319 1241 facstae.

1257 1249 1569 1294 Differentia
1584 1252 1788 1295 Arcens.
1812 1253 1864 1296 R.
1881 1254 2017 1298 inter
2037 1257 2253 1299 oculum
2266 1258 2322 1315 {3²

1315 1310 1356 1352 81
1377 1310 1612 1354 lucidum
1634 1311 1919 1356 humerum
1941 1314 2151 1359 Orionis

1256 1428 1552 1473 Declinatio
1575 1430 1714 1474 oculi
1735 1430 1792 1488 ὅ
2092 1435 2144 1477 15
2175 1434 2233 1478 38

1255 1487 1568 1532 Differentia
1605 1490 1811 1534 Arcens.
1835 1492 1887 1535 R.
1934 1492 2070 1537 inter
2105 1494 2322 1538 inferius

1314 1551 1477 1602 caput
1494 1549 1543 1605 ][
1563 1550 1604 1592 81
1625 1551 1857 1593 caudam
1880 1550 1933 1609 Ω
2085 1553 2138 1596 61
2174 1554 2232 1597 59

1254 1606 1551 1651 Declinatio
1572 1609 1850 1653 meridion.
1875 1612 2055 1669 cap.][
2085 1612 2143 1656 28
2174 1615 2254 1660 55ὲ

1253 1666 1568 1711 Differentia
1587 1668 1722 1712 inter
1743 1680 1838 1713 cor
1859 1669 1913 1728 Ω
1935 1672 1976 1714 8(
1995 1671 2199 1716 Ardiur.

1252 1785 1550 1830 Declinatio
1574 1788 1750 1831 cordis
1773 1788 1827 1846 Ω
2088 1791 2140 1834 13
2173 1791 2254 1838 584

1312 1845 1722 1891 obseruationes
1749 1849 1991 1902 proxime
2018 1852 2321 1904 praeceden-

1250 1907 1330 1948 tes
1367 1904 1526 1949 facstae
1572 1907 1686 1950 sunt
1723 1920 1817 1962 per
1853 1909 2102 1953 Armillas
2140 1911 2319 1954 versus

1251 1965 1545 2009 meridiem.

1252 2024 1548 2068 Declinatio
1596 2038 1780 2080 paruae
1829 2027 1988 2071 stellae
2034 2027 2317 2073 Arcsturum

1310 2085 1662 2138 praecedentis
2079 2088 2138 2131 20
2168 2089 2251 2135 31}

1251 2143 1549 2189 Declinatio
1570 2144 1776 2188 Ardiuri
2080 2147 2132 2189 21
2169 2148 2251 2194 262¹,—

1570 2205 1763 2248 lucidae
1785 2206 2011 2249 Coronae
2081 2206 2139 2250 28
2175 2208 2253 2254 12}

1572 2265 1801 2308 borealis
1822 2266 2003 2322 cap.][
2081 2266 2138 2309 32
2169 2267 2228 2310 39

1570 2324 1754 2368 merid.
1778 2325 1957 2381 cap.][
2080 2325 2138 2368 28
2169 2328 2226 2369 55

1570 2384 1733 2427 calcis
1752 2385 1901 2438 pedis
1918 2386 1967 2441 ][
2079 2385 2138 2428 22
2168 2386 2227 2429 36

1308 2442 1403 2485 Per
1434 2443 1681 2486 Armillas
1718 2444 1898 2487 versus
1937 2444 2167 2499 reptent„
2208 2456 2314 2489 non

1251 2501 1366 2544 sunt
1385 2502 1507 2545 satis
1528 2506 1691 2546 certae
1711 2506 1928 2558 propter
1947 2507 2181 2547 ventum.

1301 2584 1521 2629 Collatio
1543 2586 1908 2630 declinationis
1929 2588 2264 2641 quarundam

1368 2644 1615 2697 fixarum,
1638 2646 1750 2689 eius
1771 2658 1892 2700 quae
1912 2646 2196 2690 Altitudine

1423 2704 1702 2748 obseruata
1723 2705 1810 2757 eft,
1828 2707 1868 2748 81
1889 2706 2000 2749 eius
2015 2718 2136 2760 quae

1468 2775 1564 2818 per
1580 2764 1828 2808 Armillas
1849 2765 2091 2808 dabatur.

1808 2830 2015 2862 Declinatio
2054 2830 2273 2870 Declin.per

1835 2888 1879 2910 ex
1888 2878 1975 2910 altit.
2012 2878 2196 2910 Armill.se
2223 2883 2311 2910 tent.

1248 2906 1496 2972 caputv
1822 2920 1875 2963 21
1910 2920 1992 2966 27}
2077 2920 2129 2963 21
2165 2888 2223 2963 ᾖ·

1247 2977 1376 3020 Calx
1394 2978 1443 3034 ][
1822 2980 1881 3022 22
1911 2979 1969 3023 38
2077 2980 2135 3022 22
2165 2979 2224 3022 36

1246 3035 1499 3080 Ardiurus
1821 3039 1873 3082 21
1910 3039 1967 3082 23
2076 3039 2128 3081 21
2164 3039 2223 3082 26

1247 3096 1431 3140 Lucid.
1451 3108 1545 3151 pes
1565 3097 1756 3140 Ericht.
1820 3098 1879 3141 28
1939 3098 1992 3144 92}-
2075 3097 2133 3140 28
2170 3098 2223 3140 lo

1247 3155 1432 3199 Merid.
1449 3167 1566 3211 cap.
1587 3157 1636 3214 ][
1820 3157 1878 3200 28
1909 3158 1992 3203 57-3-
2074 3157 2132 3200 28
2164 3158 2220 3199 57

1246 3215 1348 3258 Cor
1370 3214 1423 3273 Ω
1824 3217 1876 3259 13
1909 3216 1966 3259 58
2079 3216 2131 3259 13
2163 3216 2220 3258 59

1245 3274 1495 3329 Superius
1516 3286 1633 3330 cap.
1651 3275 1700 3332 I
1819 3276 1878 3319 32
1907 3275 1989 3322 42ὲ
2073 3275 2132 3318 32
2162 3275 2214 3317 41

2118 3482 2161 3510 43
