2690 4178
397 349 507 399 XII
933 343 1589 396 PROLEGOMENA
1615 342 2011 393 EDITORIS

396 483 660 526 brevitatis
680 494 840 525 causa
858 481 1262 524 »Bartholinum«
1286 481 1622 534 appellamus.
1645 478 1878 532 Denique
1897 489 2020 521 cum
2040 478 2167 520 mihi
2185 490 2288 521 non
2309 480 2543 535 contigis-

394 556 486 604 set,
515 556 572 595 ut
597 564 625 595 e
651 552 962 595 bibliotheca
987 549 1373 593 vindobonensi
1398 551 1638 591 mutuum
1662 559 1927 591 sumerem
1953 547 2191 590 codicem
2215 548 2277 599 V,
2305 548 2357 591 in
2385 561 2542 604 quem

393 622 745 676 transscriptae
778 624 923 663 erant
955 619 1358 670 observationes,
1393 629 1482 661 eas
1507 616 1759 660 Historiae
1789 615 2039 660 Coelestis
2063 620 2253 670 partes,
2284 630 2413 672 quas
2437 631 2542 663 non

393 692 628 745 praebent
656 691 863 734 codices
893 689 1215 732 Haunienses
1243 699 1338 731 nec
1366 687 1690 738 Parisienses,
1723 698 1900 729 meum
1931 686 1983 728 in
2013 697 2166 728 usum
2199 699 2244 729 a.
2278 687 2383 730 1911
2419 700 2541 732 cum

393 761 494 803 hoc
524 760 738 803 contulit
765 772 813 802 v.
841 760 889 802 d.
919 759 982 801 H.
1014 759 1352 812 Krumpholz‚
1383 756 1470 810 qui
1496 759 1618 798 tunc
1647 756 1700 798 in
1726 757 1939 809 specula
1966 755 2355 800 Vindobonensi
2382 761 2543 802 astro-

393 830 586 873 nomiae
615 841 830 883 operam
859 828 1038 879 dabat;
1070 828 1315 882 quaedam
1341 826 1499 869 etiam
1524 825 1653 868 lucis
1679 836 1777 879 ope
1805 836 2053 879 expressa
2082 826 2209 868 mihi
2235 826 2353 870 inde
2380 831 2542 872 trans-

393 900 553 942 missa
572 902 704 942 sunt.
727 899 908 941 Postea
927 908 1054 940 vero
1075 909 1196 940 cum
1209 897 1261 938 in
1274 896 1415 939 libris
1428 894 1916 938 Vindobonensibus
1930 894 2138 948 plurimi
2151 897 2337 940 calculi
2349 897 2543 941 inventi

392 972 576 1019 essent,
605 968 691 1022 qui
711 967 1092 1010 Hauniensibus
1118 968 1316 1017 desunt,
1344 966 1617 1019 complura
1636 964 1903 1007 volumina
1923 964 2118 1008 codicis
2137 965 2183 1007 V
2203 966 2468 1011 Hauniam
2489 969 2541 1012 in

392 1038 760 1081 bibliothecam
791 1037 988 1091 regiam
1019 1036 1247 1079 mutuari
1276 1035 1431 1086 licuit,
1464 1034 1551 1077 ubi
1584 1034 1685 1076 alia
1712 1033 1932 1088 inspexit
1960 1034 2180 1078 Ioannes
2210 1036 2406 1089 Raeder,
2440 1040 2541 1082 alia

391 1108 518 1150 lucis
539 1119 636 1161 ope
657 1118 902 1161 expressa
921 1109 1053 1149 sunt.
1079 1106 1146 1148 At
1165 1117 1288 1148 cum
1307 1106 1443 1148 bello
1462 1103 1651 1158 ingenti
1675 1104 1792 1146 haec
1813 1114 1974 1158 opera
1992 1115 2086 1158 per
2103 1105 2316 1160 longum
2334 1109 2540 1163 tempus

389 1177 738 1230 impediretur,
760 1176 958 1218 factum
978 1179 1070 1226 est,
1090 1178 1147 1217 ut
1164 1174 1475 1229 typographi
1495 1184 1701 1227 quoque
1719 1184 1937 1228 operam
1950 1173 2287 1219 intermittere
2301 1187 2541 1231 cogeren-

388 1249 487 1296 tur,
514 1249 794 1299 postquam
820 1245 886 1288 ab
914 1248 1164 1287 autumno
1191 1256 1237 1287 a.
1263 1244 1372 1287 1913
1397 1254 1561 1297 usque
1586 1243 1638 1285 in
1662 1245 1901 1286 aestatem
1928 1256 1974 1286 a.
2001 1243 2112 1287 1916
2134 1256 2199 1287 ex
2220 1245 2361 1289 libris
2379 1259 2540 1291 manu

389 1316 605 1369 scriptis,
634 1327 764 1368 quos
791 1314 1031 1357 adhibitis
1058 1313 1298 1357 omnibus
1323 1312 1654 1356 collectaneis
1679 1313 1809 1356 meis
1832 1324 1927 1368 ego
1946 1313 2056 1367 ipse
2076 1314 2426 1369 confeceram,
2454 1318 2540 1361 ob-

388 1385 708 1427 servationes
733 1396 896 1438 usque
922 1384 989 1426 ad
1017 1384 1213 1426 exitum
1239 1383 1359 1425 anni
1386 1382 1495 1425 1583
1514 1383 1651 1436 typis
1671 1383 1946 1437 descriptae
1967 1386 2129 1426 erant.
2150 1384 2383 1429 Tandem
2403 1387 2538 1431 bello

387 1455 548 1506 finito,
579 1466 699 1497 cum
730 1457 980 1496 autumno
1011 1465 1056 1495 a.
1088 1452 1198 1495 1920
1226 1452 1494 1495 volumina
1521 1452 1946 1496 Vindobonensia
1975 1453 2239 1496 Hauniam
2266 1455 2399 1498 mitti
2425 1469 2540 1511 pos-

386 1527 515 1575 sent,
535 1524 983 1578 typographorum
1004 1534 1164 1576 opera
1183 1525 1451 1576 resumpta
1471 1525 1562 1565 est.

457 1594 674 1644 Interea,
701 1597 757 1635 ut
781 1592 833 1635 in
856 1591 1163 1646 praefatione
1182 1591 1442 1646 Tychonis
1464 1590 1696 1645 Operum
1725 1595 1873 1635 tomo
1899 1593 1920 1634 I
1945 1594 2219 1646 praemissa
2244 1596 2538 1650 expositum

386 1666 478 1714 est,
499 1663 803 1705 SOCIETAS
825 1661 1111 1704 LINGUAE
1131 1661 1208 1703 ET
1228 1661 1644 1705 LITTERARUM
1666 1661 2065 1706 DANICARUM
2087 1676 2133 1706 a.
2154 1664 2260 1706 1911
2278 1665 2406 1708 mihi
2423 1678 2539 1720 pro-

385 1735 645 1785 posuerat,
678 1735 734 1774 ut
765 1731 1189 1774 observationum
1217 1731 1637 1785 Tychonicarum
1666 1731 1821 1775 editio
1853 1743 1975 1785 pars
2003 1733 2151 1776 fieret
2181 1732 2415 1788 Operum
2445 1736 2539 1790 Ty-

385 1801 566 1844 chonis
587 1800 841 1852 omnium,
870 1801 1010 1854 quod
1029 1811 1124 1855 ego
1146 1812 1360 1844 assensu
1381 1801 1738 1855 comprobavi.
1768 1801 1897 1844 Cum
1922 1802 2023 1845 hac
2050 1814 2106 1845 re
2131 1804 2282 1847 labor
2301 1816 2450 1849 meus
2468 1807 2538 1849 in-

385 1871 646 1922 crevisset,
674 1882 737 1913 ac
764 1871 986 1913 multum
1006 1871 1163 1912 etiam
1182 1871 1432 1925 temporis
1450 1870 1818 1914 insumendum
1838 1875 1974 1914 esset
1993 1872 2444 1918 observationibus
2462 1879 2538 1930 ty-

383 1940 771 1994 pographorum
790 1940 841 1982 in
860 1951 1015 1982 usum
1033 1940 1480 1992 transscribendis,
1506 1941 1721 1984 tandem
1741 1953 1810 1984 m.
1833 1942 2125 1995 Septembri
2144 1955 2190 1986 a.
2217 1944 2327 1987 1916
2352 1947 2537 1990 ceteris

384 2010 624 2052 omnibus
639 2010 867 2064 abjectis,
884 2021 1006 2052 cum
1021 2010 1375 2053 munificentia
1390 2011 1609 2053 Instituti
1624 2011 1961 2066 Carlsbergici
1975 2012 2101 2054 mihi
2114 2012 2292 2056 liceret
2303 2014 2538 2068 Tychoni

382 2082 433 2121 et
451 2079 606 2121 rebus
627 2079 694 2121 ad
714 2091 836 2122 eum
855 2079 1226 2132 pertinentibus
1242 2091 1397 2123 omne
1409 2083 1616 2135 tempus
1629 2081 1871 2132 tribuere,
1887 2093 2119 2133 munere,
2141 2094 2245 2137 quo
2258 2083 2310 2126 in
2324 2087 2536 2139 specula

381 2149 718 2191 Armachana
743 2148 1010 2203 fungebar,
1039 2160 1125 2191 me
1151 2149 1392 2192 abdicavi
1418 2153 1469 2192 et
1495 2149 1744 2193 Hibernia
1769 2150 1949 2194 relicta
1975 2151 2163 2195 Oxonii
2191 2155 2418 2207 consedi,
2447 2156 2536 2199 ubi

380 2218 559 2261 studiis
586 2219 653 2260 ad
678 2218 835 2260 medii
860 2218 962 2261 aevi
987 2219 1366 2262 astronomiam
1391 2220 1764 2274 pertinentibus
1789 2221 2019 2264 maxime
2045 2226 2339 2276 opportuna
2365 2228 2442 2268 est
2467 2225 2536 2269 b‘i-

381 2287 640 2330 bliotheca
661 2288 953 2332 Bodleiana.

450 2426 774 2477 SEQUITUR
800 2427 1076 2482 descriptio
1103 2428 1347 2471 codicum
1374 2429 1765 2473 observationes
1789 2430 2116 2485 Tychonicas
2142 2433 2531 2487 continentium,

381 2496 467 2549 qui
494 2496 702 2550 quidem
728 2497 900 2541 adhuc
925 2501 1140 2549 restant;
1170 2498 1256 2552 qui
1283 2498 1350 2540 ad
1375 2498 1512 2542 hanc
1538 2499 1818 2543 editionem
1841 2501 2225 2544 conficiendam
2246 2514 2428 2546 omnes
2449 2505 2534 2547 ad—

379 2565 524 2608 hibiti
543 2569 675 2609 sunt.

1050 2683 1086 2727 1.
1124 2682 1397 2726 CODICES
1423 2684 1857 2728 HAUNIENSES.

586 2763 806 2806 CODEX
827 2763 867 2806 Α
887 2784 942 2800 =
963 2764 1077 2807 Ant.
1101 2765 1222 2808 Coll.
1245 2765 1359 2819 Reg.
1385 2764 1496 2808 1824
1516 2765 1569 2808 in
1586 2765 1656 2817 4⁰,
1684 2767 1913 2810 continet
1933 2768 2323 2812 observationes

982 2834 1348 2889 transscriptas
1368 2847 1627 2878 annorum
1651 2835 1926 2880 1563—81.

446 2913 634 2956 Forma
655 2915 854 2957 chartae
870 2915 927 2957 20
941 2923 982 2951 ><
1003 2915 1089 2967 16‚⁵
1103 2926 1204 2958 cm.
1227 2916 1504 2959 Involucro
1519 2918 1807 2962 recentiore
1821 2919 2035 2963 vestitus
2049 2922 2163 2962 est.¹
2185 2921 2398 2975 Paginas
2412 2933 2532 2965 con-

375 2982 501 3025 tinet
513 2983 614 3034 468,
635 2996 794 3026 manu
815 2985 1010 3027 recenti
1027 2985 1256 3027 numeris
1275 2986 1516 3040 signatas.
1538 2988 1793 3031 Praeterea
1808 3000 1991 3032 omnes
2006 2990 2386 3043 quaterniones,
2409 3003 2531 3046 quo-

375 3064 494 3094 rum
513 3053 743 3107 plerique
764 3057 1031 3107 quaterna,
1058 3055 1212 3108 pauci
1231 3054 1306 3109 (ut
1324 3056 1539 3114 primus)
1559 3057 1679 3100 bina
1699 3057 1823 3101 folia
1843 3059 2123 3110 continent,
2146 3060 2198 3102 in
2216 3060 2322 3103 ima
2341 3062 2530 3116 pagina

374 3122 544 3175 prima
563 3134 840 3165 numerum
860 3124 1104 3167 exhibent
1122 3136 1283 3167 manu
1304 3126 1516 3180 antiqua
1535 3128 1803 3181 scriptum,
1825 3128 1891 3171 ab
1916 3128 1934 3170 1
1958 3140 2123 3182 usque
2142 3130 2211 3172 ad
2230 3130 2286 3172 70
2306 3131 2354 3174 b.
2371 3131 2529 3174 Totus

375 3191 578 3234 videtur
598 3193 784 3235 eadem
804 3205 965 3236 manu
985 3194 1206 3247 scriptus
1226 3205 1355 3246 esse,
1383 3206 1502 3248 quae
1528 3196 1680 3240 facile
1703 3197 1897 3252 legitur.
1926 3197 2093 3252 Supra
2113 3210 2296 3243 omnes
2316 3200 2424 3243 fere
2443 3212 2530 3255 pa-

446 3286 456 3310 ¹
481 3285 535 3319 Ex
554 3285 757 3330 principio
777 3286 959 3322 nominis
979 3286 1079 3332 regii
1099 3287 1142 3322 in
1162 3287 1285 3323 dorso
1310 3287 1513 3325 involucri
1532 3289 1666 3334 posito
1685 3290 1799 3327 hunc
1818 3291 2002 3327 codicem
2023 3291 2128 3328 sicut
2147 3291 2310 3329 codices
2330 3293 2364 3329 K
2385 3294 2414 3328 L
2435 3294 2479 3329 M
2502 3295 2529 3329 P

373 3345 569 3388 regnante
589 3343 792 3380 Friderico
811 3345 884 3380 VII
913 3344 1130 3388 (1848-63)
1151 3345 1365 3382 involucro
1384 3346 1575 3383 vestitum
1595 3357 1686 3383 esse
1706 3351 1813 3393 patet
