2742 4204
468 353 571 404 290

765 488 875 530 DIE
893 488 949 530 23
973 489 1216 540 MARTIJ.

467 558 558 598 Per
578 557 637 607 Q.
660 558 846 599 Portat.

467 615 557 656 Per
577 614 636 665 Q.
658 615 871 657 Tichon.

525 670 578 714 ἐν
597 669 775 715 πλάτει
795 676 1007 726 propter
1026 674 1205 716 nubeS.

763 777 874 818 DIE
893 777 950 819 26
973 777 1215 827 MARTIJ.

465 846 558 888 Per
577 845 636 896 Q.
658 845 868 888 Tichon.

465 905 558 945 Per
576 905 762 945 Portat.

466 962 558 1003 Per
580 961 853 1003 Minimum

464 1020 557 1061 Per
576 1020 712 1061 Sext.
734 1030 931 1062 nouum

762 1123 871 1164 DIE
890 1123 946 1164 27
969 1122 1211 1172 MARTIJ.

464 1193 557 1235 Per
576 1192 634 1242 Q.
656 1193 694 1233 Τ
696 1192 865 1234 ichon.

464 1251 556 1292 Per
575 1252 761 1292 Portat.

464 1310 555 1351 Per
575 1308 710 1350 Sext.
734 1319 932 1349 nouum

1483 355 1607 406 1584

1280 558 1337 600 39
1373 559 1425 601 10

1281 616 1338 658 39
1397 616 1449 661 932-

1277 846 1334 887 40
1370 846 1421 887 18
1452 845 1509 887 50

1277 903 1334 945 40
1369 903 1421 945 18
1451 903 1508 945 50

1276 961 1333 1003 40
1369 961 1421 1002 19

1275 1018 1333 1060 40
1370 1018 1422 1060 19

1276 1191 1334 1233 40
1363 1191 1414 1232 41
1450 1191 1507 1233 20

1274 1248 1332 1290 40
1363 1249 1414 1290 41
1450 1249 1507 1291 30

1274 1306 1331 1348 40
1361 1307 1413 1348 41
1449 1307 1507 1349 30

465 1364 1334 1420 Reg.n0nexquifite151660‚resp.40
1365 1365 1416 1407 41

523 1425 644 1466 Erat
664 1423 996 1466 mediocriter
1017 1423 1266 1465 serenum.

759 1527 870 1568 DIE
887 1526 945 1569 29
966 1527 1209 1578 MARTIJ.

463 1599 555 1640 Per
574 1597 632 1647 Q.
656 1597 864 1639 Tichon.

462 1657 553 1697 Per
572 1656 760 1697 Portat.

524 1713 640 1756 Non
659 1716 771 1755 erat
792 1713 909 1755 satis
933 1713 1182 1756 serenum.

765 1817 875 1859 DIE
896 1818 922 1859 7
942 1817 1204 1859 APRILIS.

461 1889 553 1929 Per
573 1887 631 1938 Q.
653 1887 864 1929 Tichon.

461 1947 553 1988 Per
572 1946 631 1997 Q.
654 1946 840 1988 Portat.

763 2050 873 2092 DIE
893 2049 920 2092 9
939 2050 1202 2093 APRILIS.

461 2121 552 2162 Per
572 2119 631 2170 Q.
653 2120 865 2163 Tichon.

461 2179 552 2220 Per
571 2178 630 2229 Q.
653 2180 840 2221 Portat.

460 2237 553 2278 Per
573 2237 630 2287 Q.
654 2237 912 2279 Minorem

1274 1597 1326 1639 41
1361 1597 1437 1643 26Ξ

1275 1654 1326 1697 41
1362 1656 1418 1697 27

1272 1887 1331 1929 44
1361 1887 1442 1933 41}

1274 1945 1331 1988 44
1361 1945 1442 1991 41}

1273 2120 1329 2162 45
1360 2121 1442 2167 23}

1272 2179 1330 2220 45
1360 2179 1442 2225 23}

1272 2237 1329 2279 45
1360 2237 1416 2279 23

519 2295 686 2337 Vento
709 2296 1000 2349 agitabatur
1019 2295 1428 2338 instrumentum.

749 2400 858 2441 DIE
882 2400 934 2442 10
954 2400 1216 2443 APRILIS.

460 2470 553 2511 Per
572 2469 631 2519 Q.
652 2469 864 2512 Tichon.

461 2529 542 2569 vel
564 2539 685 2570 curn
705 2540 846 2571 nouo
867 2528 1163 2581 pinnacidio

461 2586 553 2628 Per
571 2586 758 2627 Portat.

461 2644 552 2685 Per
571 2643 629 2694 Q.
655 2644 794 2686 Max.

1273 2471 1330 2513 45
1359 2471 1417 2513 43
1447 2471 1504 2513 45

1273 2529 1330 2571 45
1360 2529 1418 2571 44
1453 2529 1505 2572 10

1273 2587 1330 2630 45
1362 2588 1418 2630 43
1448 2587 1505 2629 45

1267 2645 1324 2688 45
1355 2645 1439 2691 44³}

520 2702 637 2744 Non
656 2702 751 2744 fuit
770 2703 853 2745 hic
870 2704 1133 2756 quadrans
1153 2704 1417 2747 maximus
1436 2704 1506 2746 sa-

459 2760 523 2802 tis
544 2759 823 2803 corredtus.

750 2853 859 2895 DIE
884 2855 930 2895 11
955 2855 1218 2898 APRILIS.

462 2923 553 2965 Per
573 2922 632 2973 Q.
655 2923 864 2966 Tichon.

460 2981 552 3023 Per
572 2982 759 3023 Portat.

461 3040 553 3081 Per
573 3039 832 3083 Minorem

461 3098 552 3139 Per
572 3097 707 3140 Sext.
731 3109 928 3140 nouum

748 3191 857 3232 DIE
882 3191 934 3234 16
953 3192 1217 3235 APRILIS.

460 3261 553 3303 Per
573 3260 632 3311 Q.
654 3260 865 3303 Tichon.

461 3319 554 3360 Per
574 3318 632 3370 Q.
658 3318 797 3361 Max.

1274 2925 1331 2968 46
1390 2925 1419 2968 4
1454 2926 1505 2967 15

1273 2983 1331 3026 46
1390 2984 1418 3026 3
1449 2984 1506 3026 30

1274 3042 1331 3084 46
1390 3041 1419 3084 4
1479 3042 1506 3084 0

1274 3100 1332 3142 46
1391 3100 1418 3143 3
1449 3100 1506 3143 40

1274 3263 1330 3305 47
1362 3263 1419 3306 43
1454 3264 1506 3306 10

1274 3320 1330 3363 47
1361 3321 1417 3364 43
1454 3322 1506 3364 10

1583 491 1676 532 Per
1695 491 1755 541 Q.
1777 492 1964 533 Portat.

1582 549 1675 590 Per
1695 548 1754 598 Q.
1778 548 1900 590 Min.

1582 606 1675 647 Per
1698 605 1834 647 Sext.
1856 617 2054 648 nouum

1867 709 1977 750 DIE
2002 709 2053 751 17
2073 710 2336 754 APRILIS.

1581 773 1672 814 Per
1692 772 1751 822 Q.
1773 772 1986 815 Tichon.

1580 830 1672 872 Per
1692 829 1751 880 Q.
1774 830 1962 872 Portat.

1580 888 1673 929 Per
1697 887 1833 930 Sext.
1855 899 2053 931 nouum

1869 992 1978 1034 DIE
2003 992 2054 1035 18
2073 993 2335 1037 APRILIS.

1579 1050 1672 1091 Per
1691 1049 1750 1100 Q.
1772 1049 1983 1092 Tichon.

1579 1108 1671 1149 Per
1691 1106 1750 1158 Q.
1773 1108 1960 1150 Portat.

1579 1165 1672 1207 Per
1691 1164 1827 1208 Sext.
1850 1177 2049 1208 nouum

1865 1270 1974 1312 DIE
1999 1270 2051 1313 19
2070 1272 2333 1314 APRILIS.

1579 1333 1672 1375 Per
1692 1333 1751 1384 Q.
1773 1333 1983 1377 Tichon.

1579 1391 1671 1433 Per
1691 1391 1750 1442 Q.
1772 1393 1959 1434 Portat.

1578 1449 1671 1491 Per
1690 1449 1825 1492 Sext.
1847 1461 2046 1493 nouum

1866 1555 1976 1596 DIE
1995 1555 2052 1597 20
2071 1556 2333 1598 APRILIS.

1578 1612 1670 1653 Per
1689 1611 1748 1662 Q.
1769 1612 1981 1656 Tichon.

1577 1670 1670 1712 Per
1689 1669 1748 1720 Q.
1770 1671 1957 1713 Portat.

1577 1729 1670 1770 Per
1689 1728 1826 1771 Sext.
1848 1740 2048 1772 nouum

1866 1833 1976 1875 DIE
1994 1833 2052 1875 22
2071 1834 2333 1877 APRILIS.

1577 1897 1670 1938 Per
1689 1896 1749 1947 Q.
1770 1896 1981 1940 Tichon.

1578 1956 1671 1997 Per
1689 1954 1748 2005 Q.
1771 1955 1958 1998 Portat.

1577 2014 1669 2056 Per
1690 2013 1826 2056 Sext.
1849 2025 2047 2056 nouum

1866 2118 1976 2160 DIE
1995 2118 2052 2160 23
2073 2094 2333 2161 APRILIS.

1577 2177 1670 2218 Per
1683 2176 1742 2227 Q.
1755 2176 1966 2219 Tichon.

1576 2235 1669 2277 Per
1688 2234 1747 2285 Q.
1769 2235 1956 2277 Portat.

1577 2293 1670 2335 Per
1688 2293 1825 2335 Sext.
1847 2305 2045 2336 nouum

1577 2351 1670 2393 Per
1689 2351 1825 2394 Sext.
1847 2355 2083 2394 veterem

1865 2456 1976 2498 DIE
1994 2456 2052 2499 24
2070 2456 2332 2500 APRILIS.

1576 2520 1670 2562 Per
1690 2519 1749 2570 Q.
1770 2520 1982 2562 Tichon.

1577 2579 1669 2621 Per
1689 2578 1746 2629 Q.
1770 2578 1958 2621 Portat.

1576 2637 1669 2679 Per
1688 2636 1824 2679 Sext.
1846 2647 2044 2679 nouum

1577 2695 1670 2737 Per
1689 2696 1825 2737 Sext.
1848 2698 2081 2738 veterem

1640 2753 1755 2797 Non
1775 2756 1887 2796 erat
1907 2753 2027 2796 satis
2048 2753 2299 2796 serenum.

1866 2858 1977 2900 DIE
1995 2857 2053 2900 26
2071 2858 2334 2901 APRILIS.

1577 2917 1670 2959 Per
1690 2915 1749 2967 Q.
1770 2916 1982 2960 Tichon.

1577 2975 1670 3017 Per
1689 2974 1748 3025 Q.
1770 2976 1959 3018 Portat.

1637 3033 1775 3075 Inter
1795 3033 1973 3076 nubes.

1801 3130 1804 3134 ’
1867 3138 1976 3180 DIE
1995 3137 2053 3180 29
2071 3138 2334 3180 APRILIS.

1577 3208 1670 3250 Per
1689 3207 1748 3258 Q.
1770 3207 1927 3259 Tich.‚
1949 3211 2170 3261 vtroque
2190 3207 2327 3261 pinn.

1577 3266 1670 3308 Per
1689 3265 1748 3317 Q.
1770 3266 1959 3308 Portat.

1577 3325 1669 3366 Per
1690 3323 1827 3367 Sext.
1850 3327 2083 3367 veterem

2392 493 2448 535 47
2479 494 2535 536 43

2392 550 2449 592 47
2478 551 2537 593 44

2392 607 2448 650 47
2479 608 2536 651 43

2392 775 2449 817 48
2508 776 2537 818 2

2393 833 2450 876 48
2508 833 2537 876 2

2392 891 2448 934 48
2507 891 2559 937 Ζὲ

2393 1052 2450 1094 48
2480 1053 2532 1095 21

2391 1109 2448 1153 48
2478 1110 2559 1157 2οἓ

2392 1167 2449 1210 48
2480 1168 2561 1214 201

2392 1336 2448 1378 48
2478 1336 2536 1379 39
2566 1337 2622 1379 25

2390 1394 2448 1436 48
2478 1394 2535 1436 39
2565 1395 2622 1437 30

2388 1451 2445 1494 48
2474 1452 2531 1495 39

2389 1614 2446 1656 48
2476 1614 2533 1656 58

2390 1671 2446 1714 48
2477 1673 2532 1715 57
2563 1672 2620 1715 50

2388 1730 2446 1772 48
2476 1731 2532 1773 57
2562 1730 2620 1773 40

2389 1898 2446 1941 49
2475 1898 2534 1942 34
2567 1899 2620 1942 10

2388 1956 2446 1999 49
2475 1956 2533 2000 34

2388 2014 2446 2058 49
2475 2015 2533 2058 34

2388 2177 2446 2220 49
2476 2178 2619 2221 52fere

2389 2235 2447 2278 49
2476 2237 2557 2283 5η

2388 2294 2446 2336 49
2476 2294 2527 2336 51
2562 2294 2620 2337 50

2389 2351 2446 2394 49
2476 2352 2528 2395 51
2563 2353 2619 2394 55

2389 2520 2447 2564 50
2505 2521 2556 2568 9}

2389 2579 2448 2622 50
2505 2579 2534 2622 9

2391 2638 2447 2681 50
2506 2637 2535 2680 9
2547 2648 2621 2681 fere

2389 2696 2447 2739 50
2506 2695 2534 2738 9
2568 2695 2621 2738 10

2390 2916 2447 2959 50
2476 2916 2554 2963 431

2390 2974 2447 3017 50
2476 2974 2533 3018 43
2563 2974 2620 3018 35

2389 3207 2440 3249 51
2476 3207 2533 3250 32
2563 3207 2620 3250 40

2389 3265 2441 3308 51
2475 3265 2532 3308 32

2388 3323 2440 3366 51
2475 3323 2532 3366 32
