2742 4204
1185 329 1300 381 1581
2268 336 2360 388 129

154 469 303 513 Inter
316 468 423 512 luc.
444 466 687 511 Vulturis
706 467 765 509 et
1292 467 1442 510 Inter
1452 478 1517 511 os
1526 467 1716 522 pegafi
1728 469 2034 514 etlucidam
2052 473 2181 516 colli
2194 473 2248 517 14
2308 475 2360 523 3ὲ

632 526 781 570 dext.
804 525 953 569 hum.
970 534 1028 573 xx
1047 524 1106 569 34
1136 525 1219 573 53÷
1292 526 1512 570 Interos
1518 527 1710 581 pegas·
1688 527 2181 596 etScheatpegal'
2189 533 2248 576 26
2308 533 2338 576 0

1133 584 1219 628 bis
1293 585 1430 629 Haec
1451 585 1671 639 quidem
1694 586 1992 631 mediocris
2012 589 2087 632 est

154 647 303 691 Inter
317 645 551 689 caudam
574 643 743 699 cygni
761 644 819 687 et
1757 644 1851 689 leci
1870 649 2185 715 repetenda.

750 703 1019 747 vulturem
1047 702 1107 747 38
1167 702 1197 746 0
1293 702 1479 747 Prima
1500 704 1607 748 alae
1627 705 1685 747 et
1700 705 1884 749 lucida
1905 705 1961 749 in
1981 718 2126 761 genu
2192 710 2246 753 15
2278 710 2338 754 50

153 765 302 809 Inter
316 763 550 808 caudam
573 761 824 817 delphini
841 763 900 806 et
1293 763 1443 806 Inter
1453 763 1703 818 polarem
1729 763 1936 808 stellam
1960 767 2017 809 et
2037 767 2147 809 11³¹m

769 832 834 865 os
843 820 1034 876 pegasi
1051 821 1109 864 17
1134 821 1220 869 28ὲ
1404 820 1703 877 Cassiopeae
1723 834 1848 878 quae
1868 823 1945 868 est
1962 825 2017 868 in
2038 825 2170 870 sella
2189 828 2248 871 26
2278 828 2340 871 27

153 894 261 928 non
273 883 455 927 tamen
459 880 617 937 potui
620 880 698 925 tIa
704 880 774 924 tis
781 879 1046 935 exquisite
2275 887 2360 931 bis

209 941 383 986 videri
390 941 512 986 haec
514 940 756 996 paruain
766 939 1044 995 delphino,
1294 940 1506 984 Lucida
1526 940 1746 985 humeri
1766 941 1987 987 Orionis
2007 944 2064 987 et

152 1000 550 1046 Interlucidam
567 1010 691 1055 quae
710 999 950 1044 secunda
971 998 1047 1042 est
1849 1003 1955 1046 luc.
1978 1003 2171 1058 hydrae
2190 1005 2248 1048 55
2284 1005 2362 1054 18}

205 1061 261 1104 in
282 1060 463 1116 capite
486 1060 539 1118 )(
555 1058 887 1104 australioris
906 1059 1047 1103 etos
2219 1064 2359 1109 bona

200 1118 392 1176 pegali
1047 1117 1108 1162 23
1138 1118 1197 1162 55
1292 1117 1491 1163 Denuo
1511 1120 1813 1175 repetendo
1833 1121 1984 1176 quali

1133 1177 1220 1222 bis
1723 1179 1779 1224 in
1800 1180 1996 1225 eadem
2020 1181 2169 1226 linea
2189 1183 2248 1226 55
2284 1183 2338 1226 19

568 1391 991 1437 obseruationes
1012 1391 1277 1436 distantiae
1297 1393 1640 1447 quarundam
1662 1393 1936 1438 stellarum

243 1463 351 1507 per
366 1463 568 1497 nouum
592 1451 918 1497 sextantem
940 1450 1240 1496 Bit'ormem
1263 1451 1319 1495 in
1342 1463 1508 1496 vnum
1532 1451 1791 1506 collectae,
1814 1453 2024 1508 iundtae,
2047 1457 2262 1501 collatae

364 1522 431 1556 ac
451 1510 726 1567 expenl'ae,
748 1522 873 1566 quae
892 1510 1036 1555 alias
1055 1510 1273 1566 sparsim
1296 1522 1371 1555 ex
1384 1513 1546 1566 parte
1564 1512 1621 1556 in
1642 1512 1779 1557 libro
1799 1513 2157 1559 continentur.

151 1584 301 1627 Inter
317 1583 520 1639 Lyram
543 1583 602 1627 et
617 1582 858 1627 lucidam
1292 1583 1442 1627 Inter
1456 1582 1791 1628 Aldeboram
1815 1586 1873 1629 et

805 1641 1027 1698 Aquilae
1045 1641 1106 1685 34
1141 1641 1197 1686 10
1607 1643 1914 1699 supremam
1932 1645 2100 1701 pedis
2117 1647 2166 1704 ][
2189 1647 2249 1691 25
2278 1649 2338 1692 56

1027 1702 1119 1745 vel
1142 1702 1193 1745 11
1292 1702 1443 1746 Inter
1457 1701 1771 1747 inferiorem
1791 1705 1841 1762 ][
1860 1706 1918 1748 et

150 1762 300 1806 Inter
315 1772 380 1806 os
399 1760 594 1817 Pegali
612 1763 670 1806 et
687 1761 968 1806 Vulturem
1046 1760 1107 1805 28
1165 1761 1197 1805 2
1774 1764 1986 1808 calcem
2003 1765 2170 1820 pedis
2194 1767 2250 1810 19
2278 1766 2337 1811 28

150 1822 374 1865 Interos
388 1820 583 1876 Pegasi
597 1822 655 1865 et
665 1820 904 1877 primam
921 1821 1028 1866 alae
1046 1820 1107 1864 20
1135 1821 1196 1864 22
1291 1820 1627 1866 Aldeboram
1651 1824 1710 1866 et
1725 1824 1965 1867 mandib.
1982 1825 2010 1867 Ι
2029 1824 2149 1869 Ceti
2189 1826 2249 1869 26
2308 1828 2338 1869 5

151 1880 1106 1936 Interprimametpol‘tremamalae16
1136 1880 1192 1924 31
1291 1880 1627 1925 Aldeboram
1651 1884 1709 1926 et
1725 1883 2085 1928 meridionale
2104 1886 2153 1942 Π
2188 1885 2248 1928 45
2310 1887 2338 1929 7

153 1939 233 1986 Os
246 1939 436 1995 pegasi
452 1941 510 1984 et
526 1941 775 1984 extrema
796 1940 902 1984 alae
1047 1940 1107 1984 36
1136 1939 1196 1984 40
1296 1939 1437 1984 Calx
1454 1942 1503 1999 ][
1523 1942 1581 1984 et
1596 1952 1695 1985 cor
1705 1942 1759 2001 Ω
2146 1939 2151 1942 “
2189 1944 2248 1988 54
2278 1946 2360 1993 35ὲ

157 1999 351 2044 Vultur
366 2000 423 2043 et
434 1999 616 2055 prima
636 1999 767 2044 colli
1047 1999 1108 2043 47
1136 1999 1196 2044 45
1292 2000 1442 2044 Inter
1456 2011 1555 2045 cor
1572 2001 1626 2060 Ω
1647 2003 1706 2045 et
1720 2002 1956 2047 caudam
1981 2003 2035 2062 Ω
2188 2004 2248 2047 24
2278 2005 2333 2048 41

151 2058 335 2103 Prima
356 2059 462 2103 alae
483 2059 541 2102 et
556 2059 741 2104 lucida
762 2070 883 2116 cap.
896 2065 956 2113 V
1046 2059 1106 2104 43
1135 2059 1219 2108 371
1291 2060 1442 2104 Inter
1456 2071 1555 2104 cor
1571 2061 1625 2120 Ω
1647 2062 1704 2105 et
1721 2061 1947 2117 spicam
2188 2064 2248 2108 54
2306 2065 2359 2112 2ὲ

151 2119 414 2163 Extrema
434 2119 541 2163 alae
560 2119 724 2174 atque
744 2119 940 2164 eadem
956 2124 1017 2172 V
1045 2118 1106 2163 28
1165 2118 1195 2163 4
1295 2119 1485 2164 Cauda
1508 2120 1562 2180 Ω
1583 2122 1642 2164 et
1659 2120 1828 2176 Spica
2186 2124 2246 2167 35
2305 2125 2336 2167 2

151 2177 336 2222 Prima
357 2179 464 2223 alae
483 2179 541 2222 et
555 2178 789 2223 inferius
810 2189 875 2223 os
894 2178 1004 2223 ceti
1045 2179 1105 2223 59
1134 2179 1195 2222 25
1295 2179 1404 2224 Cor
1420 2180 1475 2239 Ω
1496 2181 1555 2223 et
1576 2180 1827 2235 suprema
1849 2181 2015 2236 pedi-s

153 2236 506 2296 Oculusget
521 2238 687 2282 Iucid.
709 2244 904 2294 cap.v
1046 2238 1106 2283 35
1135 2238 1196 2283 32
1960 2242 2009 2299 ][
2033 2243 2163 2286 calx
2187 2242 2246 2286 54
2277 2242 2335 2286 34

154 2296 364 2343 Oculus
378 2296 435 2356 8
449 2298 508 2341 et
517 2297 699 2353 prima
718 2297 871 2342 stella
883 2303 944 2351 V·
1046 2298 1105 2343 38
1135 2297 1195 2342 38
1291 2299 1655 2344 Meridionale
1682 2302 1850 2355 caput
1869 2302 1919 2358 ][
1943 2302 2001 2345 et

151 2356 415 2401 Extrema
429 2358 536 2402 alae
550 2358 724 2402 etluc.
740 2358 850 2403 ceti
862 2357 1024 2413 capit.
1047 2357 1106 2402 43
1165 2357 1196 2402 0
1980 2371 2078 2405 cor
2095 2361 2148 2420 Ω
2187 2361 2246 2405 36
2276 2363 2337 2405 57

151 2416 361 2461 Eadem
374 2417 600 2462 luc.ceti
610 2416 1036 2464 etluc.hum.0r.
1047 2417 1106 2462 43
1169 2418 1197 2461 7
1292 2418 1504 2463 Lucida
1524 2419 1732 2475 Hydrae
1753 2420 1811 2463 et
1828 2419 1997 2475 Spica
2013 2420 2079 2479 m>
2186 2421 2246 2465 58
2275 2422 2335 2465 29

2169 3472 2209 3501 17
