2690 4178
371 336 438 387 50
1381 336 1504 387 1577

705 468 813 512 DIE
833 470 889 512 23
910 470 1074 520 MAIJ.
1814 471 1925 513 DIE
1942 471 1999 513 25
2020 470 2184 521 MAIJ.

371 551 599 593 mediata
619 551 838 602 decima,
864 556 892 601 <t
914 554 964 593 et
985 553 1020 605 η
1269 551 1404 592 5218⁶
1480 539 1626 606 Hora
1649 540 1716 606 19,
1738 541 1955 606 Regulus
1975 543 2026 582 et
2046 541 2081 593 21
2356 541 2514 584 11‘28⁴

368 609 566 651 primus
587 609 927 651 Geminorum
947 612 998 651 et
1479 596 1652 639 Media
1671 609 1723 639 1n
1742 597 1974 640 humens
1995 596 2047 653 Ω
2069 600 2120 639 et
2140 599 2176 651 ²1
2354 599 2406 640 13
2437 599 2493 642 53

795 724 804 733 ·
933 667 968 720 φ
989 666 1123 708 hora
1146 666 1212 717 10,
1245 666 1296 707 14
1359 666 1377 706 1
1487 655 1524 707 21
1542 657 1592 696 et
1612 654 1782 696 cauda
1798 653 1850 710 Ω
2354 656 2405 698 15
2422 689 2431 699 .
2450 689 2460 699 .
2479 689 2489 700 .

369 724 996 836 ἒξξζῗᾷζυξῒῖξωωοωω
1017 726 1067 766 et
1089 725 1124 778 9
1243 723 1296 822 1?
1326 723 1383 822 f}
1695 768 1806 810 DIE
1829 769 1875 810 11
1901 768 2297 813 SEPTEMBRIS.

370 840 542 882 Media
562 840 614 881 in
633 840 864 882 humeris
881 839 933 895 Ω
949 842 999 881 et
1019 840 1055 892 21
1244 838 1295 880 13
1326 837 1382 879 38
1478 837 1708 880 Mediata
1728 837 1770 888 9,
1794 839 1830 891 21
1853 841 1904 880 et
1919 840 1972 891 ‚3¹
1990 870 1999 880 .
2024 870 2034 881 .
2059 871 2069 881 .
2379 841 2408 882 4
2437 841 2494 883 28

377 898 413 951 η
435 900 486 940 et
506 898 676 940 cauda
697 896 749 953 Ω
1245 896 1296 937 15
1355 895 1383 937 9
1487 896 1523 948 24
1545 898 1596 937 et
1613 894 1827 938 inferior
1846 906 2001 938 arcus
2016 898 2068 950 ,ὅ
2378 898 2405 940 3
2436 899 2492 941 43

1140 1019 1249 1064 DIE
1267 1021 1325 1064 26
1344 1021 1741 1064 SEPTEMBRIS.

425 1104 710 1147 Obseruaui
734 1104 947 1156 Eclipfin
971 1108 999 1153 (ζ
1022 1104 1239 1145 totalem
1266 1103 1411 1145 cuius
1436 1102 1638 1144 initium
1663 1105 1713 1145 et
1738 1103 1971 1146 medium
1996 1103 2159 1146 videri
2183 1115 2288 1147 non
2311 1109 2517 1159 poterat

365 1164 579 1215 propter
596 1162 774 1212 nubes,
798 1162 883 1203 sed
902 1161 1128 1214 primum
1148 1160 1347 1202 initium
1367 1160 1586 1214 egressus
1606 1163 1719 1203 erat
1739 1160 1835 1203 H.1
1862 1161 1931 1204 M.
1945 1161 2001 1204 56
2018 1162 2130 1215 'post
2148 1162 2379 1206 mediam
2398 1175 2518 1207 noe-

364 1223 471 1262 tem
491 1220 634 1261 iuxta
654 1218 947 1262 correcstum
961 1218 1289 1272 horologium
1310 1218 1377 1260 ad
1398 1219 1572 1269 solem,
1589 1219 1729 1271 quod
1746 1219 1935 1273 lingula
1955 1219 2156 1263 minuta
2174 1221 2515 1274 monstrabat3

364 1277 459 1319 fuit
479 1281 654 1319 autem
675 1277 845 1319 lucida
865 1277 915 1318 in
936 1278 1118 1319 dextro
1139 1277 1360 1318 humero
1381 1276 1587 1319 Orionis
1606 1276 1798 1319 diItans
1824 1289 1855 1319 a
1874 1276 2011 1320 linea
2035 1278 2323 1322 meridiana
2341 1280 2517 1323 versus

366 1338 538 1377 ortum
558 1335 790 1389 partibus
808 1335 903 1385 4713,
919 1334 1166 1387 exquisita
1187 1334 1548 1377 obseruatione
1568 1334 1620 1376 in
1638 1334 1883 1388 gradibus
1904 1334 2217 1379 Horizontis.
2240 1337 2370 1379 Cum
2389 1349 2516 1381 vero

363 1393 514 1435 tertia
534 1404 655 1446 pars
678 1398 702 1442 ((
725 1395 996 1446 receperat
1014 1393 1190 1434 lumen
1210 1393 1397 1435 eadem
1413 1392 1554 1434 stella
1570 1392 1649 1438 325
1668 1393 2043 1436 remouebatur
2062 1405 2094 1436 a
2107 1395 2321 1438 meridie
2340 1396 2516 1439 versus

365 1454 539 1493 ortum
552 1452 603 1493 in
621 1450 919 1493 Horizonte.
937 1451 1085 1492 quta
1103 1450 1518 1492 obseruationem
1532 1461 1598 1493 ex
1610 1450 1784 1493 lucida
1797 1451 2003 1494 Orionis
2018 1451 2113 1494 fuit
2128 1456 2334 1507 tempus
2354 1465 2517 1508 egres-

365 1509 445 1551 sus
459 1520 524 1551 ex
537 1508 725 1550 vmbra
741 1508 803 1550 H.
813 1508 841 1550 2
856 1508 924 1550 M.
939 1507 992 1550 10
1005 1508 1117 1561 post
1131 1508 1360 1550 mediam
1375 1507 1598 1560 noctem,
1616 1511 1772 1562 atque
1785 1509 1905 1552 huic
1919 1509 2090 1563 potius
2105 1510 2294 1554 adhibe
2305 1511 2514 1568 [fidemJ.

423 1566 573 1609 Nota.
597 1566 899 1608 Obseruatio
923 1578 1041 1619 quae
1060 1566 1221 1608 fiebat
1239 1577 1332 1619 per
1350 1566 1629 1609 humerum
1650 1566 1856 1610 Orionis
1880 1579 1987 1611 non
2007 1567 2125 1610 satis
2144 1568 2298 1612 bona.
2320 1569 2421 1612 Sed
2443 1581 2517 1612 er-

363 1624 494 1666 raris
519 1626 633 1678 plus
657 1624 685 1666 2
710 1624 951 1678 gradibus
980 1627 1192 1677 propter
1218 1635 1324 1667 non
1353 1624 1484 1667 bene
1509 1625 1777 1668 inuentam
1809 1625 2039 1680 Meridiej
2066 1626 2257 1669 lineam
2283 1630 2334 1670 et
2359 1627 2516 1670 aliam

363 1682 520 1724 etiam
540 1682 607 1725 ob
629 1682 839 1725 causam
860 1682 1007 1736 lignej
1028 1681 1362 1726 instrumenti.
1384 1682 1503 1725 Fide
1523 1683 1697 1737 itaque
1716 1683 1887 1737 potius
1906 1683 2193 1738 horologio.

1135 1810 1244 1851 DIE
1264 1810 1322 1852 29
1342 1809 1740 1854 SEPTEMBRIS.

381 1846 409 1871 H
466 1846 497 1870 M

366 1890 418 1931 14
454 1889 505 1932 16
553 1890 721 1932 Prima
741 1891 1016 1942 stellaVet
1035 1891 1174 1933 lunae
1194 1891 1456 1934 orientalis
1476 1892 1778 1936 extremitas
1798 1893 2055 1937 distabant
2351 1893 2514 1936 22²58⁴

552 1949 672 1990 Erat
692 1951 867 1991 autem
886 1949 1009 1990 luna
1026 1952 1150 1991 tunc
1170 1949 1222 1990 in
1240 1949 1546 1993 meridiano.

365 2006 417 2047 14
446 2006 502 2047 23
552 2007 747 2048 Eadem
767 2006 1067 2050 extremitas
1092 2012 1120 2057 (ζ
1144 2010 1195 2050 et
1215 2009 1397 2050 oculus
1412 2008 1466 2064 ξς
2354 2010 2406 2052 15
2436 2011 2492 2052 57

365 2063 416 2105 14
446 2063 503 2105 28
552 2064 972 2117 septentrionalis
993 2065 1295 2108 extremitas
1320 2071 1348 2117 (ζ
1374 2069 1424 2109 et
1443 2070 1601 2120 caput
1620 2067 1768 2121 Algol
2027 2067 2029 2069 ’
2259 2074 2262 2077 ’
2354 2067 2406 2110 19
2465 2070 2492 2110 5

364 2122 416 2163 14
445 2122 503 2164 35
552 2121 972 2175 septentrionalis
992 2123 1294 2166 extremitas
1320 2129 1348 2175 ε(
1375 2127 1427 2167 et
1445 2125 1620 2180 media
1639 2125 1785 2178 pedis
1805 2125 1982 2168 sinistri
2000 2126 2158 2180 Persej
2354 2125 2406 2168 10
2436 2126 2494 2168 50

364 2179 415 2221 14
445 2178 502 2221 58
552 2180 726 2222 Media
745 2181 891 2234 pedis
911 2182 1088 2223 finiftri
1107 2182 1268 2225 Persei
1287 2186 1337 2225 et
1363 2187 1391 2233 (ζ
1416 2183 1679 2225 orientalis
1698 2183 2001 2226 extremitas
2020 2187 2071 2227 et
2089 2183 2300 2226 inferior

489 2240 492 2242 ’
550 2238 762 2280 maxilla
783 2239 890 2281 Ceti
909 2239 1219 2282 videbantur
1238 2240 1289 2282 in
1308 2252 1412 2283 vna
1431 2239 1575 2283 red'ca
1593 2241 1742 2285 linea.

364 2295 415 2337 15
479 2296 497 2336 1
551 2296 770 2339 Inferior
788 2297 1001 2340 maxilla
1022 2298 1129 2340 Ceti
1148 2301 1198 2341 et
1218 2298 1571 2342 meridionalis
1591 2300 1893 2343 extremitas
1916 2305 1944 2351 c(
2353 2299 2405 2342 18
2434 2299 2492 2342 36

363 2352 415 2395 16
445 2354 501 2395 45
552 2355 766 2408 Regulus
786 2358 838 2397 et
861 2356 896 2410 ῼ
2378 2358 2406 2400 6
2435 2357 2492 2400 23

364 2410 415 2452 18
553 2413 588 2466 S?
607 2416 657 2454 et
676 2424 842 2466 parua
862 2414 1004 2456 stella
1023 2414 1074 2456 in
1093 2418 1273 2457 ventre
1293 2414 1346 2471 Ω
1365 2415 1812 2469 coniungebantur
1829 2416 1881 2458 in
1900 2415 2229 2470 longitudine,
2251 2416 2321 2458 di-

552 2470 718 2512 stabat
737 2474 913 2514 autem
934 2472 970 2526 Ω
990 2472 1167 2514 versus
1187 2473 1458 2515 meridiem
1478 2473 1535 2516 30
1550 2474 1760 2516 minutis
1778 2475 1861 2516 vel
1880 2473 2109 2528 primum
2129 2474 2320 2517 diame-

549 2531 690 2570 trum
710 2530 862 2572 lunae.

552 2586 748 2629 Eodem
766 2590 1005 2641 tempore
1029 2588 1065 2642 ῼ
1089 2591 1140 2630 et
1160 2590 1196 2642 21
2348 2589 2406 2632 28
2436 2589 2493 2632 30

1010 2855 1457 2908 DISTANTIAE
1483 2856 1863 2910 FIXARUM.

362 2956 624 2999 Humerus
646 2957 850 3000 Orionis
870 2957 1051 3000 dexter
1070 2961 1122 3000 et
1141 2958 1230 3000 Ca·
1475 2959 1664 3002 Hircus
1684 2962 1735 3003 et
1752 2960 1952 3014 primus
1974 2959 2314 3002 Geminorum
2348 2959 2434 3002 30⁸
2462 2960 2512 3002 5¹

950 3015 1029 3058 nis
1048 3016 1219 3059 maior
1236 3016 1399 3058 252500
1475 3017 1738 3061 Humerus
1760 3018 1941 3061 dexter
1960 3021 2010 3060 et
2030 3017 2220 3060 finister

361 3072 512 3115 Canis
532 3073 702 3116 maior
722 3077 772 3116 et
795 3074 966 3115 minor
1233 3074 1290 3116 25
1320 3075 1378 3117 40
2122 3075 2328 3119 Orionis
2377 3077 2403 3118 7
2433 3075 2491 3118 24

360 3131 512 3173 Canis
533 3131 705 3174 minor
724 3134 774 3174 et
794 3131 933 3174 idem
953 3132 1202 3175 humerus
1233 3133 1290 3174 25
1320 3133 1378 3175 50
1474 3133 1680 3176 Sinister
1698 3134 1948 3177 humerus
1968 3137 2019 3177 et
2039 3134 2290 3176 sinistrum

361 3188 625 3231 Humerus
645 3189 784 3232 idem
805 3193 855 3232 et
874 3190 1049 3233 hircus
1233 3190 1291 3233 39
1326 3191 1377 3233 10
2196 3203 2327 3246 genu
2352 3191 2404 3233 14
2463 3191 2491 3233 4

361 3246 550 3290 Hircus
570 3250 620 3290 et
640 3248 784 3290 canis
804 3248 976 3291 minor
1240 3249 1297 3291 50
1326 3249 1384 3291 44
1475 3249 1668 3292 Dexter
1687 3250 1938 3293 humerus
1958 3253 2008 3292 et
2028 3250 2278 3293 sinistrum

2195 3319 2326 3362 genu
2351 3307 2403 3349 18
2433 3307 2490 3349 25
