2742 4204
422 322 491 374 98
1442 320 1556 374 1581

422 460 566 501 latus
586 459 662 500 de
682 457 757 500 est
776 457 941 511 15.47÷,
958 467 1085 511 ergo
1101 458 1260 500 datur
1274 457 1306 500 b
1317 468 1347 500 c
1362 468 1467 511 per
1481 467 1678 500 nonum
1696 457 1906 511 dogma.
1924 456 2036 500 Sed
2048 457 2310 511 inquiram
2318 469 2382 502 us
2390 460 2574 513 potius

424 517 495 559 ad
514 516 753 559 centrum
778 521 806 567 (ζ
824 549 835 567 ,
853 517 911 558 vt
926 515 988 559 sit
1004 515 1245 558 distantia
1271 514 1435 558 stellae
1454 527 1486 558 a
1507 516 1689 557 centro
1714 520 1742 566 (ζ
1764 513 1988 569 adjectis
2011 515 2064 556 15
2081 514 2359 569 scrupulis,
2384 517 2437 559 16
2449 528 2576 571 par-

426 574 551 617 tium
580 575 637 617 et
657 574 687 616 3
709 573 1088 627 scrupulorum,
1118 572 1261 616 visus
1287 575 1465 616 autem
1492 574 1647 615 locus
1672 573 1843 615 centri
1867 572 1940 614 est
1963 572 2018 614 in
2049 572 2179 615 1027
2199 573 2268 630 Ω,
2295 574 2574 617 latitudine

424 632 670 675 eiusdem
687 631 795 674 visa
811 631 1068 674 existente
1082 631 1154 683 44,
1168 631 1398 684 ideoque
1413 630 1771 673 declinatione
1792 629 2049 672 existente
2067 631 2196 673 1655
2208 631 2575 675 etascensione

424 690 545 733 eius
569 689 709 733 recta
734 690 905 742 132.43,
934 690 1059 732 lunc
1084 690 1260 731 locum
1288 688 1452 731 stellae
1476 687 1794 730 rimabimus
1818 689 1874 730 in
1900 688 2044 731 hunc
2068 689 2304 732 modum.
2324 689 2576 744 Angulus

425 749 546 791 dae
566 748 658 802 qui
674 748 893 791 metitur
908 747 1262 790 differentiam
1283 745 1403 789 Asc.
1425 744 1581 789 redtae
1606 751 1633 796 c(
1658 747 1716 788 et
1729 745 1894 789 stellae
1919 745 1994 788 est
2015 747 2140 788 16.11
2162 747 2254 800 qui
2271 747 2488 791 additus
2506 748 2577 791 ad

425 805 780 849 ascensionem
803 804 996 849 rectam
1022 811 1050 856 (ζ
1073 805 1166 848 dat
1181 804 1344 847 stellae
1365 803 1720 847 ascensionem
1748 802 1942 846 ree‘tam
1969 803 2141 856 14854,
2163 815 2393 859 cumque
2413 806 2577 849 decli-

423 864 570 907 natio
589 865 710 907 eius
730 863 922 907 existat
935 863 1069 906 21.54
1083 862 1336 916 prouenit
1353 872 1458 916 per
1474 861 1852 914 triangularem
1881 862 2244 915 operationem
2269 863 2502 907 ceruicis
2523 863 2576 921 Ω

423 922 620 966 mediae
639 922 862 965 latitudo
883 922 943 964 Β.
965 921 1084 972 8.42,
1104 920 1436 974 longitudine
1455 919 1620 973 ipsius
1640 918 1898 962 existente
1916 919 2065 963 2329.

699 980 968 1033 Repetitio
989 978 1371 1022 obseruationis
1390 978 1460 1020 ad
1480 988 1575 1020 cor
1591 977 1644 1045 Ω
1665 988 1786 1031 quae
1799 978 2033 1031 primum
2054 977 2191 1021 facta
2211 978 2298 1021 est.

483 1039 654 1082 Paulo
672 1037 1024 1092 scrupulosius
1050 1037 1229 1080 omnia
1258 1036 1557 1079 trutinando
1581 1035 1800 1079 inuenio
1827 1046 1898 1078 ex
1920 1036 2298 1080 emendatione
2324 1037 2579 1091 temporis

420 1096 651 1151 primam
670 1095 1088 1139 obseruationem
1102 1093 1360 1137 distantiae
1373 1094 1552 1136 cordis
1562 1094 1614 1151 Ω
1624 1105 1655 1136 a
1666 1093 1830 1136 limbo
1847 1099 1874 1145 (ζ
1892 1093 2214 1137 occidentali
2225 1094 2373 1138 suiBe
2387 1094 2575 1139 fadiam

425 1155 524 1198 H.9
533 1155 641 1197 M.7
646 1155 859 1207 quando
872 1152 1147 1206 longitudo
1163 1163 1289 1195 vera
1304 1152 1475 1194 centri
1489 1157 1517 1203 (ζ
1532 1151 1634 1194 suit
1645 1151 1747 1195 9.38
1755 1151 1825 1209 Ω,
1837 1152 2218 1206 cuiparalaxis
2230 1153 2579 1207 longitudinis

426 1213 578 1256 addit
591 1213 687 1264 292¹,
706 1214 763 1255 vt
778 1211 840 1254 sit
851 1210 959 1254 visa
972 1210 1249 1264 longitudo
1267 1210 1438 1252 centri
1454 1209 1509 1252 in
1524 1209 1621 1252 10.7
1688 1242 1700 1262 ,
1715 1210 1939 1253 latitudo
1958 1221 2085 1253 vera
2106 1210 2180 1253 est
2195 1211 2286 1264 12÷,
2297 1211 2580 1265 paralaxis

425 1270 724 1314 latitudinis
742 1269 838 1322 281,
861 1279 987 1322 ergo
1010 1267 1117 1311 visa
1134 1268 1358 1311 latitudo
1377 1267 1549 1310 centri
1574 1277 1602 1319 (ς
1626 1279 1658 1310 e
1718 1267 1807 1320 41¹,
1821 1267 1950 1311 hinc
1964 1268 2219 1323 prouenit
2233 1268 2354 1313 Asc.
2375 1269 2515 1313 recta
2538 1275 2566 1321 (ζ

431 1329 589 1373 132.23
599 1330 655 1371 et
665 1327 952 1371 declinatio
964 1327 1077 1369 17.3.
1090 1325 1515 1369 Distabatautem
1527 1337 1632 1380 per
1641 1326 2061 1369 obseruationem
2077 1328 2200 1370 tunc
2212 1327 2345 1370 1357
2351 1339 2383 1371 a
2398 1329 2581 1372 centro

440 1393 468 1438 (ζ
483 1419 497 1440 ,
507 1398 631 1430 nam
648 1398 680 1430 a
694 1384 1123 1429 circumferentia
1137 1384 1325 1427 aberat
1338 1383 1481 1436 13.42,
1501 1384 1628 1427 hinc
1643 1385 1802 1427 datur
1816 1395 1977 1427 arcus
1991 1384 2308 1430 differentiae
2327 1385 2582 1429 ascensio-

426 1445 570 1488 nalis
596 1444 710 1497 14.7‚
734 1445 791 1486 vt
812 1443 874 1486 sit
894 1454 1021 1485 vera
1039 1441 1159 1485 Asc.
1181 1442 1246 1485 R.
1271 1442 1450 1486 cordis
1465 1442 1517 1499 Ω
1536 1442 1709 1485 146.30.
1734 1443 1875 1486 Hinc
1894 1444 1952 1485 et
1972 1454 2045 1485 ex
2067 1443 2427 1487 declinatione
2454 1444 2585 1487 13.57

428 1503 567 1556 data,
580 1502 831 1557 prouenit
842 1500 1377 1556 persupputationem
1403 1500 1780 1554 triangularem
1796 1501 1976 1543 cordis
2058 1501 2283 1545 latitudo
2301 1502 2462 1550 0²27&
2479 1503 2583 1546 Bo-

427 1572 535 1613 rea,
551 1560 825 1614 longitudo
840 1570 966 1602 vero
980 1558 1157 1602 existit
1165 1558 1220 1601 in
1230 1558 1302 1601 24.
1312 1559 1358 1604 1}
1367 1558 1435 1616 Ω,
1447 1559 1607 1612 atque
1621 1559 1748 1602 huic
1756 1560 1917 1613 potes
1925 1560 2110 1613 potius
2122 1559 2285 1603 sidem
2307 1560 2579 1614 adhibere,

427 1619 717 1663 concordat
732 1618 875 1661 enim
897 1628 1017 1660 cum
1037 1617 1176 1660 aliis.

1320 1663 1383 1707 II.
1406 1662 1606 1707 Ceruix
1678 1695 1689 1706 .

484 1723 672 1766 Altera
693 1721 987 1766 obseruatio
1007 1721 1239 1765 ceruicis
1254 1721 1307 1779 Ω
1322 1732 1443 1775 quae
1456 1721 1599 1765 sacta
1613 1733 1644 1764 e
1697 1722 1830 1765 hora
1846 1721 1901 1765 10
1913 1722 1986 1765 M.
1999 1722 2057 1766 30
2068 1723 2123 1766 se
2136 1722 2191 1765 in
2205 1722 2350 1766 bunc
2364 1724 2580 1767 modum

429 1782 604 1825 habet.
621 1781 744 1824 Fuit
757 1783 878 1823 tunc
892 1781 1048 1823 locus
1064 1785 1092 1831 (ζ
1110 1790 1273 1823 verus
1290 1779 1504 1848 10.14ὲΩ
1519 1791 1640 1823 oum
1655 1780 1938 1824 latitudine
1955 1781 2046 1833 m,
2057 1781 2341 1835 paralaxis
2355 1782 2584 1836 longitu-

429 1840 572 1883 dinis
590 1840 662 1892 23,
688 1837 987 1882 latitudinis
1005 1838 1078 1891 29,
1102 1838 1331 1892 ideoque
1353 1839 1628 1892 longitudo
1649 1839 1820 1882 centri
1843 1838 1951 1882 visa
1979 1839 2131 1886 1037}
2152 1839 2221 1897 Ω,
2242 1839 2466 1883 latitudo
2486 1839 2582 1886 443.

428 1898 567 1942 Hinc
583 1896 835 1951 prouenit
846 1895 1135 1940 declinatio
1153 1897 1319 1949 16.52÷,
1329 1895 1449 1939 Asc.
1465 1895 1606 1940 recta
1625 1896 1797 1940 13253.
1813 1896 1983 1940 Latus
1996 1897 2176 1951 itaque
2197 1909 2229 1941 a
2241 1909 2272 1940 e
2293 1897 2367 1941 est
2384 1897 2500 1950 73.8‚
2515 1898 2586 1941 ad

428 1956 545 2009 68.6,
555 1957 699 1999 latus
711 1965 838 1997 vero
852 1955 926 1997 de
941 1953 1199 1998 distantiae
1212 1954 1469 1997 centralis
1483 1954 1557 1997 est
1567 1955 1971 2009 15.57.Angu1us
1982 1956 2096 1999 dae
2111 1955 2204 2010 qui
2215 1955 2586 1999 metiturdiffe-

427 2014 651 2057 rentiam
675 2012 1087 2056 ascensionalem
1109 2011 1184 2054 est
1205 2013 1319 2065 16.3,
1341 2023 1468 2066 ergo
1486 2012 1607 2056 Asc.
1629 2012 1794 2056 Recta
1814 2013 2048 2056 ceruicis
2065 2013 2118 2071 Ω
2137 2014 2308 2057 148.56.
2325 2013 2583 2058 Punc‘ium

428 2072 735 2116 culminans
747 2070 881 2113 26.42
895 2070 948 2137 Ω
963 2070 1120 2113 cuius
1134 2070 1423 2114 declinatio
1441 2071 1583 2124 12.37,
1600 2072 1834 2125 angulus
1849 2071 2215 2116 inclinationis
2228 2071 2519 2116 Meridiani
2533 2074 2591 2115 et

429 2130 708 2184 Ecliptioae
724 2129 838 2181 70.4,
857 2127 1157 2171 differentia
1178 2128 1557 2172 declinationis
1577 2130 1694 2182 9.17,
1710 2139 1838 2183 ergo
1856 2129 2081 2173 latitudo
2095 2130 2238 2184 &4355
2253 2131 2595 2185 longitudine

429 2188 686 2231 existente
704 2186 876 2239 23311,
893 2186 1034 2240 quod
1051 2186 1235 2229 saltem
1251 2186 1306 2228 in
1323 2188 1543 2241 Vtroque
1561 2198 1594 2230 a
1603 2187 1773 2241 priori
1784 2187 2040 2241 pauculis
2052 2187 2315 2243 scrupulis
2334 2189 2583 2243 abundat,

431 2247 571 2290 vnde
591 2246 631 2289 si
648 2245 1033 2299 longitudinem
1048 2244 1214 2288 stellae
1233 2244 1566 2288 constitueris
1579 2245 1634 2288 in
1651 2245 1786 2288 23.30
1799 2245 2016 2299 Leonis,
2033 2257 2154 2290 cum
2169 2247 2451 2291 latitudine
2464 2247 2584 2300 8.42,

429 2304 797 2348 insensibiliter
811 2303 1197 2346 aberrabimus.

1170 2373 1259 2416 ΙΙΙ.
1279 2372 1588 2417 Obseruatio
1604 2373 1851 2418 ceruicis.

488 2433 633 2476 Hora
651 2433 701 2475 11
723 2432 836 2475 Mto
853 2432 903 2474 11
927 2433 1164 2486 tempore
1186 2431 1462 2475 verificato
1481 2432 1632 2475 iuxta
1652 2432 1984 2487 horologium
2005 2433 2107 2477 suit
2125 2444 2287 2477 verus
2305 2436 2461 2478 locus
2483 2440 2511 2487 c(
2531 2435 2586 2477 in

435 2491 586 2538 1032}
602 2492 671 2549 Ω,
692 2490 915 2533 latitudo
936 2501 1064 2533 vera
1088 2491 1155 2543 17,
1177 2489 1407 2544 ideoque
1430 2501 1550 2533 cum
1568 2491 1854 2544 paralaxis
1872 2492 2222 2546 longitudinis
2241 2492 2403 2536 suerit
2422 2494 2489 2546 16,
2511 2494 2589 2536 la-

435 2550 674 2593 titudinis
698 2549 771 2601 29,
799 2548 901 2591 erIt
920 2547 1196 2602 longitudo
1223 2547 1331 2591 visa
1357 2548 1412 2591 in
1442 2548 1572 2592 10.49
1595 2549 1666 2607 Ω,
1692 2549 1917 2593 latitudo
1941 2550 2014 2593 47⁴
2037 2551 2128 2604 M.,
2157 2550 2284 2594 binc
2308 2550 2592 2606 respondet

432 2607 720 2652 declinatio
738 2606 903 2660 16.46{,
920 2605 1039 2649 Asc.
1055 2605 1220 2649 Recta
1244 2606 1387 2650 133.4.
1403 2606 1493 2650 Est
1509 2607 1689 2662 itaque
1708 2609 1853 2651 latus
1872 2619 1904 2652 a
1917 2619 1947 2651 e
1970 2609 2114 2662 73.16,
2134 2610 2205 2652 ad
2223 2609 2341 2662 68.6‚
2363 2610 2437 2653 de
2460 2609 2591 2653 1542

428 2677 533 2721 per
554 2665 973 2732 obseruationem
1001 2663 1270 2708 reductam
1298 2666 1369 2708 ad
1396 2667 1655 2709 centrum.
1681 2665 1934 2720 Angulus
1960 2668 2093 2720 dac,
2125 2667 2442 2712 differentiae
2465 2667 2586 2711 Asc.

540 2748 582 2802 Α
784 2722 2590 2849 5233133322‘32122333‘21253‘322'{ffissgflffgfflssassigssssnffigssz{52³2

781 2839 1011 2893 ideoque
1042 2841 1240 2894 angulo
1270 2839 1635 2884 inclinationis
1672 2841 1930 2885 existente
1961 2841 2063 2885 70.6
2087 2842 2341 2896 prouenit
2366 2842 2590 2886 latitudo

782 2897 946 2941 stellae
961 2897 1062 2940 8.41
1083 2897 1212 2951 sere,
1227 2898 1559 2952 longitudine
1580 2899 1838 2943 existente
1855 2900 2004 2944 2324.
2022 2900 2135 2945 Sed
2153 2901 2272 2945 haec
2294 2900 2480 2944 Vltima
2500 2901 2591 2944 ob-

781 2955 1008 2999 seruatio
1028 2966 1133 2999 non
1146 2955 1226 2999 fui
1230 2958 1249 2999 t
1263 2955 1391 2999 satis
1410 2959 1555 3001 certa
1564 2960 1789 3012 propter
1802 2958 1976 3001 nubes
1992 2959 2287 3003 etnebulas
2301 2958 2591 3002 interueni-

783 3015 953 3067 entes,
967 3013 1240 3057 fidendum
1257 3015 1437 3069 itaque
1447 3016 1631 3069 potius
1644 3016 1999 3060 anterioribus
2013 3019 2069 3060 et
2076 3017 2369 3072 praesertim
2379 3017 2587 3072 primae,

783 3083 904 3126 quae
923 3073 1061 3115 coelo
1078 3072 1331 3115 sereniori
1349 3072 1484 3117 sacta
1505 3074 1579 3117 est
1596 3075 1662 3117 H.
1682 3074 1736 3118 10
1753 3075 1881 3118 Mto.
1897 3076 1939 3118 6.

842 3131 1184 3174 Examinatis
1202 3131 1382 3185 itaque
1408 3133 1465 3175 et
1483 3133 1747 3176 trutinatis
1767 3133 2001 3187 singulis,
2019 3133 2272 3188 prouenit
2293 3134 2364 3177 ad
2382 3134 2438 3177 id
2461 3135 2592 3177 tem-

681 3165 713 3209 ε
778 3199 887 3242 pus
907 3189 1086 3232 cordis
1108 3189 1160 3247 Ω
1180 3190 1455 3243 longitudo
1480 3189 1534 3233 in
1556 3191 1615 3233 24
1640 3192 1697 3234 et
1716 3191 1746 3234 2
1766 3191 1836 3250 Ω,
1856 3192 2090 3235 ceruicis
2115 3193 2293 3235 autem
2321 3192 2517 3236 lucidae
2535 3192 2590 3235 sn

462 3272 497 3317 B
526 3208 662 3333 A
782 3246 842 3289 23
853 3247 976 3290 et29
1051 3247 1332 3291 latitudine
1347 3248 1526 3291 cordis
1540 3249 1798 3292 existente
1811 3249 2156 3304 0.27Borea1i,
2173 3250 2404 3294 ceruicis
2416 3250 2589 3294 8.42B.

785 3305 843 3348 vt
859 3305 920 3348 sit
937 3305 993 3348 di
1033 3305 1238 3349 erentia
1257 3306 1608 3360 longitudinis
1626 3308 1732 3351 0.33
1750 3308 1909 3362 quasi.
1930 3309 2071 3363 Ergo
2090 3308 2144 3351 in
2169 3309 2430 3363 triangulo
2445 3306 2594 3352 ΒΑΘ
