2742 4204
449 313 538 362 128

504 445 694 497 Neque
732 443 989 485 minorem
1031 441 1273 484 inuenire
1316 439 1478 490 licuit,

446 503 538 545 sed
555 502 720 544 [eniel
745 501 878 544 forte
901 511 1003 553 per
1018 498 1275 542 incuriam
1297 496 1483 540 inueni

447 561 475 601 2
485 560 546 602 Μ
547 559 614 602 tis
628 559 903 610 maiorem,
916 557 1111 600 adhibe
1121 556 1304 610 potius
1317 555 1478 597 fidem

443 617 710 671 prioribus
730 614 1008 659 reiteratIS.

448 722 591 763 Inter
601 721 870 763 Vulturem
888 720 944 761 et
948 719 1177 772 primam
1194 718 1297 760 alae
1316 715 1375 758 47
1403 715 1460 757 42

449 779 561 822 Sed
579 779 810 821 secundo
832 776 1029 819 observ.

982 833 1291 876 inuenimus
1316 831 1375 873 47
1402 830 1460 872 39

449 894 560 938 Sed
583 893 732 936 tertio
752 892 1078 936 obseruando
1316 889 1375 930 47
1402 888 1459 930 45

448 952 688 994 Eandem
703 950 810 993 dist.
829 950 977 992 tertio
987 948 1302 991 reIterantes
1317 946 1375 989 47
1403 945 1459 987 45

451 1011 506 1051 vt
533 1009 643 1062 ipse
675 1009 835 1050 etiam
867 1006 1154 1050 obseruaui.
1187 1005 1300 1049 Sed
1326 1004 1483 1046 reite-

447 1067 613 1110 rando
633 1065 1049 1109 obseruationem
1066 1064 1251 1117 quarta
1269 1061 1386 1105 uice
1403 1061 1483 1103 in-

450 1124 625 1166 uenim
634 1122 1049 1166 usmediomodo
1059 1119 1375 1163 videlicet47
1403 1119 1461 1161 42

447 1184 605 1235 atque
627 1182 751 1224 huic
768 1182 926 1234 potes
942 1179 1124 1233 potius
1143 1178 1326 1220 fidere.

447 1241 592 1282 Inter
607 1250 669 1283 os
684 1238 869 1292 pegasi
880 1240 935 1280 et
946 1237 1176 1291 primam
1194 1237 1296 1279 alae
1314 1235 1373 1277 20
1399 1235 1461 1335 gg

1433 1303 1482 1335 1s

446 1356 504 1397 ln
511 1354 818 1408 terprimam
830 1352 1203 1407 etpol‘tremam
1214 1352 1374 1394 alae16
1402 1350 1460 1393 34

1051 1411 1099 1452 16
1128 1409 1186 1452 30
1204 1409 1302 1461 bis,
1325 1410 1373 1451 l6
1402 1409 1458 1451 31

449 1470 525 1515 Os
532 1470 1023 1524 pegalietextrema
1036 1468 1204 1511 alae36
1223 1467 1294 1519 37,
1316 1467 1373 1509 36
1403 1466 1462 1508 40

1399 1524 1483 1567 bis

473 1586 650 1629 Aliter
662 1584 878 1628 verifica
885 1586 935 1627 to
947 1584 1187 1626 sextante
1201 1583 1320 1626 rurl'
1315 1594 1379 1625 us
1394 1583 1483 1625 ob-

445 1643 706 1686 seruauim
715 1654 791 1685 us.

445 1703 590 1744 Inter
605 1702 876 1744 Vulturem
900 1701 955 1742 et
973 1705 1034 1742 os
1055 1699 1243 1753 Pegasi
1315 1699 1373 1742 28
1429 1699 1461 1742 2

445 1761 590 1802 Inter
606 1760 876 1802 Vulturem
899 1760 954 1801 et

797 1817 1027 1870 primam
1050 1815 1189 1868 colli,
1213 1815 1296 1858 bis
1317 1815 1376 1858 47
1404 1815 1460 1858 45

805 1875 954 1918 tertio
974 1873 1291 1917 reiterantes
1317 1873 1377 1916 47
1403 1873 1461 1916 46

444 1934 589 1976 Inter
603 1934 872 1976 Vulturem
895 1934 951 1976 et
966 1933 1138 1987 lyram
1317 1931 1373 1974 34
1408 1933 1462 1974 12

443 1991 535 2034 sed
543 1990 778 2034 Vulturis
786 1990 933 2034 stella
942 1990 1244 2033 eratvicina
1256 1990 1481 2034 occasui.

444 2050 589 2091 Inter
593 2050 822 2103 primam
840 2050 943 2092 alae
957 2048 1256 2091 etlucidam
1273 2059 1339 2091 ac

498 2107 729 2161 priorem
755 2108 808 2150 in
829 2107 1139 2150 mandibula
1160 2105 1340 2149 inferi-

503 2166 581 2208 ori
598 2165 705 2208 ceti
1317 2166 1375 2208 59
1404 2165 1462 2207 25

444 2224 589 2266 Inter
599 2225 810 2267 oculum
829 2223 883 2280 ξς
897 2224 952 2266 et
968 2223 1267 2277 supremam
1284 2222 1338 2266 in

498 2282 641 2335 pede
659 2283 706 2338 ][
726 2281 942 2334 boreali,
1215 2281 1299 2324 bis
1317 2282 1375 2324 25
1405 2282 1462 2324 56

445 2341 590 2382 Inter
599 2339 806 2396 infer.][
819 2341 874 2382 et
881 2340 1078 2393 pedem
1097 2338 1308 2392 dictum,

1215 2398 1299 2440 bis
1323 2398 1376 2440 19
1405 2398 1465 2440 27

1159 2457 1299 2499 alias
1323 2457 1376 2499 19
1405 2457 1464 2499 29

447 2528 583 2569 Inter
603 2530 893 2569 extremam
916 2528 1014 2569 alae
1034 2527 1202 2581 pegasi
1221 2530 1271 2570 et

503 2585 729 2638 primam
748 2585 1066 2627 mandibulae
1087 2585 1201 2637 ceti,
1222 2585 1299 2629 bis
1319 2585 1375 2628 42
1406 2585 1486 2631 58}

505 2643 798 2686 reiterando
819 2643 896 2686 bis
917 2643 1044 2685 alias
1319 2643 1375 2686 43
1435 2644 1463 2686 Ο

1123 2701 1300 2754 postea
1319 2701 1380 2746 43,
1436 2702 1464 2744 2

448 2760 584 2802 Inter
611 2760 864 2802 dextrum.
887 2759 1029 2801 hum.
1053 2759 1228 2802 Orion.
1251 2763 1301 2803 et

505 2818 656 2860 lucid.
670 2817 721 2859 in
732 2817 876 2860 infer.
890 2817 1191 2861 mandibula
1202 2818 1302 2860 ceti
1320 2818 1376 2860 43
1438 2819 1463 2860 7

1409 2876 1487 2919 bis

450 2944 655 2989 Oculus
670 2944 724 3001 {5
740 2946 795 2987 et
805 2944 982 2999 prima
995 2950 1055 2997 V
1067 2944 1214 2988 Itella
1321 2945 1378 2988 38
1408 2946 1468 2988 37

837 3003 893 3045 38
924 3003 983 3044 39
1002 3003 1100 3054 bis,
1123 3003 1277 3046 bona.

616 3061 825 3104 Poteris
844 3060 1212 3104 insensibiliter
1228 3061 1303 3103 vti
1321 3061 1378 3104 38
1408 3061 1466 3104 38

493 3165 768 3209 Distantiae
783 3165 1070 3209 Stellarum
1088 3165 1380 3210 obseruatae
1389 3177 1493 3220 per

450 3224 766 3268 sextantem
783 3235 980 3267 nouum
998 3224 1086 3267 die
1096 3224 1157 3266 23
1169 3223 1371 3267 Decem
1379 3223 1488 3266 bris

448 3284 504 3325 et
519 3282 877 3336 sequentibus,

1460 305 1572 356 1581

1743 437 1866 479 DIE
1885 436 1944 478 23
1961 435 2397 480 DECEMBRIS.

1553 496 1732 538 Prima
1752 494 1987 536 mandib.
2007 493 2124 536 Ceti

1969 552 2024 594 et
2040 551 2283 594 extrema
2303 552 2406 595 alae
2425 551 2483 594 43
2540 552 2569 595 0

1555 610 1760 654 Oculus
1775 609 1829 665 ξς
1844 610 1900 651 et
1912 609 2087 662 prima
2106 607 2254 651 stella
2266 614 2326 660 V·
2423 609 2481 652 38
2510 610 2567 653 38

1556 666 2482 723 Ocu1usget1uc.ina1terocornu35
2511 668 2570 711 33

2163 724 2412 767 reiterata
2426 725 2483 767 35
2512 726 2591 772 32}

1554 783 1733 825 Prima
1754 781 2066 824 mandibula
2090 781 2207 825 Ceti

2075 840 2132 882 et
2147 840 2338 883 oculus
2352 840 2406 896 ξς·
2425 841 2483 882 26
2541 842 2570 883 5

1553 897 1791 941 Mandib.
1805 896 1923 940 Ceti
1934 898 1990 939 et
2003 897 2146 940 dext.
2160 897 2304 940 hum.
2318 897 2404 942 Or.
2426 898 2484 940 43
2542 900 2571 941 6

1556 956 1647 1000 Oc.
1666 955 1721 1012 ξ(
1734 956 1790 998 et
1805 954 1940 1008 supr.
1962 955 2292 1009 lucidiorque

2123 1013 2177 1055 in
2193 1014 2337 1067 pede
2355 1015 2402 1070 ][
2424 1014 2482 1056 25
2513 1015 2593 1061 55}

2453 1071 2592 1115 bona

1553 1130 1699 1172 Inter
1715 1129 1926 1171 oculum
1945 1128 1999 1186 ᾖ
2013 1129 2264 1172 etmerid.
2278 1130 2325 1185 ][
2428 1129 2484 1172 45
2546 1130 2574 1172 7

1555 1187 1718 1239 bona;
1736 1187 1986 1230 reiterata
2007 1187 2373 1230 obseruatione

2219 1245 2404 1288 inueni
2421 1244 2478 1288 45
2537 1247 2566 1288 6

1555 1305 1693 1346 Inter
1712 1304 2021 1347 calcaneum
2043 1303 2314 1357 superioris
2331 1305 2378 1359 Π

2169 1364 2218 1404 et
2238 1373 2332 1420 cor
2352 1361 2404 1418 Ω
2429 1361 2485 1404 54
2515 1362 2572 1404 29

1555 1479 1692 1520 Inter
1713 1489 1806 1520 cor
1825 1481 1876 1520 et
1895 1478 2122 1521 caudam
2139 1477 2191 1534 Ω
2428 1420 2486 1520 {2
2515 1420 2595 1524 {3³}

1556 1536 1750 1578 Eadem
1770 1536 1947 1590 postea
1966 1536 2177 1578 inuenta
2197 1536 2268 1578 est
2429 1535 2487 1577 24
2516 1535 2574 1578 40

1555 1594 1672 1637 haec
1693 1594 1764 1636 est
1783 1594 1943 1648 priori
1963 1593 2167 1637 certior.
2188 1593 2357 1636 Tertio
2429 1594 2486 1635 24
2516 1593 2567 1635 41

1556 1653 1694 1695 Inter
1707 1663 1801 1695 cor
1816 1652 1868 1709 Ω
1884 1655 1934 1694 et
1948 1652 2157 1706 Spicam
2170 1650 2234 1708 m)
2246 1651 2324 1693 54ο
2332 1652 2417 1702 2ὲ’,
2429 1652 2486 1694 54
2544 1652 2572 1693 3

1556 1712 1693 1753 Inter
1712 1710 1939 1753 caudam
1956 1709 2008 1767 Ω
2023 1713 2074 1753 et
2090 1710 2406 1810 spicat-rethel
2430 1768 2486 1810 35
2546 1768 2574 1810 Ο

1786 1838 1895 1880 DIE
1915 1837 1972 1880 24
1991 1837 2367 1880 DECEMBRIS.

1557 1898 1694 1940 Inter
1712 1896 1864 1940 lucid.
1887 1896 1938 1938 in
1958 1901 2141 1950 cap.V

2055 1957 2105 1997 et
2127 1955 2338 1997 oculum
2357 1952 2412 2009 3
2429 1954 2486 1996 35
2516 1953 2574 1996 29

1557 2014 1751 2056 Eadem
1773 2013 1998 2056 fecundo
2430 2012 2487 2054 35
2516 2011 2575 2054 30

1557 2072 1753 2114 Oculus
1768 2070 1822 2127 ᾖ
1836 2074 1887 2114 et
1907 2071 2146 2124 suprema
2160 2070 2353 2124 pedum
2366 2070 2414 2126 ][
2431 2070 2487 2112 25
2517 2068 2574 2111 54

2101 2129 2157 2171 25
2188 2128 2261 2179 58,
2285 2128 2413 2171 alias
2431 2128 2488 2170 25
2518 2127 2576 2170 56

1558 2188 1710 2231 Infer.
1725 2189 1772 2244 ][
1791 2190 1842 2230 et
1863 2188 2102 2242 suprema
2122 2186 2282 2241 pedis,
2304 2187 2381 2230 bis

2201 2244 2413 2299 praecise
2437 2243 2489 2286 19
2518 2243 2576 2286 29

1557 2305 1813 2359 Suprema
1828 2303 2084 2359 pedisjffet
2095 2314 2187 2347 cor
2258 2302 2315 2345 54
2333 2303 2405 2354 35,
2431 2301 2489 2344 54
2518 2301 2576 2344 34

1559 2363 1724 2417 Caput
1744 2362 1925 2406 merid.
1939 2362 1986 2417 ]1
2002 2364 2053 2404 et
2072 2373 2165 2405 cor
2431 2359 2489 2403 36
2518 2360 2575 2402 57

1559 2422 1696 2464 Inter
1716 2432 1810 2464 cor
1824 2420 1877 2478 Ω
1892 2423 1942 2463 et
1962 2420 2172 2473 Spicam
2432 2417 2488 2460 54
2547 2418 2599 2464 2}

1559 2480 1697 2522 Inter
1715 2479 1869 2522 lucid.
1891 2478 2078 2532 hydrae

1917 2539 1968 2580 et
1987 2535 2198 2590 Spicam
2217 2535 2274 2578 58
2303 2534 2400 2585 293,
2432 2534 2488 2577 58
2518 2533 2576 2576 29

1559 2597 1696 2638 Inter
1716 2595 1942 2638 caudam
1959 2595 2012 2652 Ω
2026 2597 2078 2637 et
2096 2593 2321 2648 Spicam,
2337 2592 2414 2636 bis
2432 2593 2489 2635 35
2548 2592 2576 2634 2

1748 2676 1874 2719 DIE
1890 2676 1948 2718 25
1966 2673 2403 2718 DECEMBRIS.

1559 2736 1707 2779 Inter
1718 2735 1948 2789 primam
1971 2734 2075 2777 alae
2094 2734 2151 2776 et
2166 2732 2399 2776 lucidam

1617 2793 1671 2836 in
1685 2793 1863 2847 capite
1880 2793 1968 2835 vel
1984 2793 2152 2835 altero
2171 2795 2405 2842 coran

1613 2862 1718 2906 per
1740 2851 2057 2895 sextantem
2085 2860 2283 2892 novum
2312 2848 2395 2891 bis
2432 2847 2490 2890 43
2519 2847 2601 2894 373

1561 2910 1819 2953 Extrema
1840 2910 1944 2952 alae
1965 2909 2021 2952 et
2035 2909 2138 2951 luc.
2156 2907 2491 3007 eadenla'yae
2549 2963 2579 3006 4

2359 2974 2409 3007 is

1588 3027 1689 3069 Hae
1700 3026 1736 3068 d
1740 3036 1823 3069 uae
1837 3023 2235 3069 obseruationes
2248 3022 2464 3066 fuerunt
2473 3022 2527 3065 [a
2534 3021 2600 3065 tis

1560 3085 1722 3128 certae
1743 3085 1965 3138 propter
1982 3082 2127 3126 aeris
2149 3081 2598 3135 tranquillitatem.

1747 3165 1872 3208 DIE
1887 3164 1946 3208 28
1964 3162 2400 3207 DECEMBRIS.

1561 3224 1706 3267 Inter
1720 3224 1823 3266 luc.
1844 3223 1980 3266 Vult.
1997 3223 2053 3265 et
2068 3220 2320 3265 sinistrum

2002 3280 2148 3324 hum.
2164 3289 2221 3327 wc
2238 3279 2298 3322 29
2355 3278 2400 3331 0,
2431 3278 2492 3320 29
2549 3276 2601 3324 Οἱ
