2690 4178
736 337 1410 391 PROLEGOMENA
1437 339 1841 394 EDITORIS
2247 346 2388 398 XXI

264 479 385 523 Foll.
412 476 607 520 1—175r
626 478 678 519 et
702 475 933 518 186—187
954 476 1224 520 continent
1245 489 1432 521 omnes
1454 479 1853 523 observationes
1871 483 2242 537 transscriptas
2266 487 2388 529 anni

198 549 331 595 1585
350 548 560 607 (eodem
581 547 765 591 ordine
786 558 892 601 quo
912 547 966 590 in
985 547 1050 604 V)
1070 559 1197 591 cum
1221 548 1299 601 iis,
1327 561 1460 603 quas
1487 549 1680 592 omittit
1700 550 1752 601 C,
1781 562 1844 593 ac
1872 556 2132 605 praeterea
2155 557 2389 600 calculos

193 620 486 670 nonnullos,
507 618 644 662 inter
663 629 798 672 quos
822 619 944 661 »Pro
964 618 1202 673 Apogaeo
1228 620 1305 674 ὀὴ(
1328 619 1382 662 in
1402 619 1508 663 foll.
1531 620 1587 663 87
1597 621 1775 663 v—90¹.

238 738 241 741 ,
262 692 384 736 Foll.
411 688 702 733 175ν---185ν
722 688 993 733 continent
1018 690 1468 733 commentarium
1495 691 1560 734 de
1588 691 1760 734 Marte
1781 705 1939 746 quem
1964 693 2017 736 in
2041 697 2171 738 tom.
2190 696 2237 738 V
2259 709 2390 751 prae-

192 764 394 808 bemus.

262 834 384 878 Foll.
411 831 642 876 188—189
667 831 866 886 scripta
892 835 1209 875 enumerant
1229 831 1449 887 Hagecii
1473 836 1526 876 et
1551 833 1779 877 aliorum
1806 835 1871 877 de
1892 834 2047 878 Nova
2072 838 2222 880 stella
2249 842 2300 881 et
2325 841 2390 883 de

192 904 429 950 cometis.

262 976 385 1020 Foll.
412 974 496 1018 190
515 977 567 1018 et
590 974 667 1017 191
693 973 885 1017 formae
905 976 1027 1017 sunt
1046 974 1301 1017 maximae
1321 986 1353 1017 a
1372 974 1625 1029 Tychone
1648 975 1866 1030 scripta3
1895 977 2126 1032 disputat
2144 979 2198 1022 in
2216 980 2304 1024 illo
2326 982 2390 1025 de

191 1046 482 1091 Aristotelis
513 1045 774 1089 sententia
804 1045 869 1088 de
899 1044 1139 1097 cometis,
1173 1045 1226 1089 in
1257 1046 1361 1089 hoc
1392 1046 1458 1089 de
1489 1046 1736 1089 Maestlini
1766 1047 2050 1102 hypothesi
2082 1050 2147 1093 de
2180 1056 2390 1096 cometa

193 1118 315 1163 anni
337 1117 449 1161 1577
468 1117 668 1174 (addita
689 1119 769 1160 est
788 1116 1072 1171 descriptio
1094 1117 1489 1174 astronomica).

261 1189 384 1233 Foll.
411 1187 643 1231 192—209
669 1189 937 1232 calculum
963 1187 1234 1231 continent
1259 1188 1364 1231 loci
1381 1188 1526 1240 Jovis
1553 1189 1601 1231 d.
1623 1188 1682 1231 20
1708 1192 1759 1232 et
1783 1189 1841 1232 28
1862 1203 1932 1233 m.
1956 1192 2083 1235 Dec.
2107 1205 2153 1235 a.
2181 1192 2307 1245 1598,
2335 1198 2391 1237 ut

189 1262 244 1305 in
256 1260 374 1305 cod.
391 1260 441 1303 H
455 1259 562 1303 foll.
584 1259 771 1303 17—26.
795 1259 927 1301 Cum
947 1258 1164 1313 incipiat
1184 1271 1216 1302 a
1235 1258 1413 1302 verbis
1437 1260 1543 1302 »De
1563 1261 1727 1303 latere
1747 1261 1830 1303 AF
1849 1273 1944 1316 per
1962 1264 2256 1306 secundum
2276 1278 2392 1319 pro-

191 1333 393 1376 blema«
415 1330 537 1388 (vid.
563 1329 663 1385 Op.
684 1333 815 1373 tom.
839 1330 860 1372 I
880 1342 930 1384 p.
952 1330 1127 1388 3O4‚21)‚
1150 1331 1292 1374 hunc
1314 1330 1558 1374 codicem
1579 1343 1703 1375 eum
1723 1344 1838 1375 esse
1858 1333 2036 1387 liquet,
2059 1347 2218 1388 quem
2237 1337 2391 1380 tertio

190 1405 311 1448 loco
333 1402 400 1446 ab
421 1402 531 1446 imo
550 1401 726 1457 posuit
745 1401 1096 1454 Bartholinus‚
1120 1413 1280 1456 quem
1302 1402 1374 1445 ait
1394 1402 1554 1445 fuisse
1575 1402 1824 1446 foliorum
1844 1404 1970 1447 210.l

260 1474 383 1518 Foll.
404 1472 642 1517 210-214
663 1472 796 1516 alios
817 1473 1052 1517 calculos
1073 1473 1344 1517 continent
1363 1474 1609 1517 locorum
1628 1475 1979 1529 planetarum.

353 1579 578 1624 CODEX
599 1579 647 1623 Μ
671 1600 727 1617 =
747 1580 865 1623 Ant.
889 1580 1016 1623 Coll.
1039 1581 1155 1636 Reg.
1182 1580 1296 1624 1830
1314 1580 1367 1623 in
1386 1580 1458 1632 4⁰,
1482 1581 1715 1624 continet
1735 1583 1970 1626 calculos
1990 1584 2233 1627 locorum

987 1652 1156 1695 Lunae
1176 1655 1228 1696 et
1246 1653 1598 1706 planetarum.

261 1735 543 1779 Involucro
564 1734 858 1778 recentiore
878 1734 1099 1778 vestitus
1119 1737 1212 1779 est.
1236 1735 1381 1779 Folia
1401 1735 1635 1779 continet
1660 1735 1756 1779 145.
1780 1737 2040 1781 Consutus
2058 1749 2173 1782 esse
2188 1739 2393 1783 videtur

190 1819 219 1852 e
251 1805 615 1862 compluribus
646 1805 928 1850 fasciculis.
965 1807 1097 1849 Cum
1128 1806 1182 1849 in
1213 1806 1387 1862 primo
1420 1806 1546 1850 folio
1578 1807 1793 1862 incipiat
1828 1809 2121 1852 »Extructio
2153 1810 2392 1855 Theoriae

190 1877 323 1923 Solis
341 1889 437 1933 per
456 1877 858 1921 observationes
879 1878 1047 1921 Lunae
1069 1879 1138 1921 ad
1157 1877 1305 1921 illum
1325 1881 1377 1921 et
1396 1878 1578 1931 fixas«,
1600 1878 1741 1923 hunc
1763 1879 2006 1924 codicem
2025 1882 2392 1935 paenultimum

190 1961 305 1994 esse
329 1951 476 2004 patet
500 1948 686 1992 indicis
706 1949 1012 2001 Bartholini‚
1042 1949 1131 2004 qui
1157 1949 1284 1993 folia
1311 1949 1560 1994 habuisse
1587 1950 1777 1994 dicitur
1800 1951 1883 1994 172
1906 1963 2105 1995 »vacua
2126 1956 2178 1996 et
2196 1954 2392 2008 scripta

190 2020 416 2065 simul«.²

260 2092 366 2136 Fol.
386 2091 405 2135 1
424 2091 825 2136 observationes
838 2093 1045 2147 praebet
1057 2093 1432 2147 transscriptas
1447 2093 1580 2136 Solis
1594 2096 1647 2137 et
1661 2094 1827 2136 Lunae
1842 2094 1891 2137 d.
1913 2094 1965 2137 14
1979 2107 2049 2139 m.
2062 2094 2091 2146 J
2094 2107 2177 2138 an.
2194 2107 2241 2138 a.
2262 2095 2389 2147 1585,

191 2166 242 2207 et
263 2175 383 2219 quae
403 2163 524 2207 inde
543 2175 640 2219 per
658 2164 896 2207 calculos
912 2164 1131 2219 reperiri
1144 2164 1326 2219 possit,
1349 2165 1694 2208 demonstrat.
1719 2165 1837 2208 Non
1852 2166 2043 2209 eadem
2057 2178 2220 2209 manu
2233 2167 2392 2222 scrip-

190 2237 304 2278 tum
334 2246 450 2278 esse
477 2234 701 2287 videtur,
733 2247 839 2290 qua
867 2235 1072 2291 reliqua
1100 2247 1226 2291 pars
1256 2236 1470 2288 codicis,
1503 2249 1623 2291 quae
1653 2237 1889 2280 calculos
1917 2237 2121 2291 praebet
2147 2238 2390 2281 locorum

193 2307 358 2349 Lunae
382 2305 510 2359 1582,
537 2306 666 2359 1586,
692 2306 820 2359 1590,
847 2306 975 2359 1593,
997 2307 1217 2351 Veneris
1242 2307 1370 2360 1586,
1396 2307 1524 2359 1590,
1550 2308 1678 2359 1593,
1701 2307 1849 2359 Jovis
1873 2308 2000 2360 1593,
2028 2308 2237 2351 Saturni
2262 2309 2388 2352 1590.

192 2377 292 2421 Hic
312 2389 420 2421 non
438 2378 558 2422 finis
577 2378 754 2422 solum
774 2379 1106 2422 calculorum
1127 2379 1410 2434 praebetur,
1438 2380 1532 2422 sed
1559 2391 1747 2423 omnes
1773 2380 1981 2434 gradus,
2009 2391 2103 2434 per
2123 2391 2255 2434 quos
2275 2392 2391 2434 pro-

192 2448 409 2501 ceditur,
438 2460 502 2493 ac
528 2449 573 2493 si
598 2450 791 2494 eodem
813 2449 897 2493 die
916 2451 1095 2505 plures
1116 2450 1517 2494 observationes
1536 2450 1788 2494 institutae
1808 2453 1944 2501 sunt,
1972 2450 2190 2505 singulae
2215 2451 2391 2506 saepis-

191 2519 324 2563 sime
351 2531 447 2575 per
473 2532 531 2564 se
558 2523 870 2574 tractantur,
901 2534 1199 2576 numquam
1229 2524 1409 2565 autem
1439 2525 1662 2577 apparet
1694 2522 2007 2573 »limitatio«,
2037 2524 2094 2564 ut
2122 2522 2174 2565 in
2204 2523 2391 2566 ceteris

192 2591 479 2644 codicibus,
503 2592 595 2636 ubi
613 2593 735 2637 loca
754 2605 850 2648 per
869 2594 1106 2637 calculos
1127 2596 1451 2647 quaeruntur.
1480 2594 1742 2637 Praeterea
1762 2604 1887 2636 cum
1906 2604 1973 2636 ne
1992 2594 2158 2636 semel
2179 2594 2390 2648 quidem

193 2665 381 2707 auctor
405 2664 859 2719 prosthaphaeresi
882 2667 1077 2716 utatur,
1105 2665 1199 2708 sed
1226 2665 1546 2719 quantitates
1570 2664 2031 2720 trigonometricas
2050 2676 2144 2719 per
2164 2665 2391 2719 quinque

191 2732 390 2777 litteras
418 2745 699 2789 expressas
727 2735 995 2780 laboriose
1024 2736 1336 2791 multiplicet
1362 2748 1426 2779 ac
1454 2736 1669 2788 dividat,
1700 2748 1853 2791 paene
1880 2735 2228 2779 dubitandum
2254 2736 2392 2779 vide-

191 2806 290 2857 tur,
317 2804 542 2849 fueritne
560 2818 619 2850 re
638 2819 769 2851 vera
788 2807 1076 2862 discipulus
1094 2807 1376 2862 Tychonis.
1405 2807 1485 2851 Ab
1506 2819 1613 2851 uno
1634 2809 1749 2851 solo
1770 2807 1986 2851 homine
2006 2807 2132 2850 facti
2150 2809 2271 2850 sunt
2291 2807 2392 2849 cal-

193 2875 312 2928 culi,
333 2879 386 2920 et
403 2877 583 2932 Pragae
604 2878 835 2932 quidem,
857 2882 915 2922 ut
934 2879 1159 2931 videtur,
1181 2890 1306 2922 cum
1325 2878 1414 2922 fol.
1437 2878 1525 2921 49v
1544 2879 1663 2922 haec
1685 2879 1882 2933 scripta
1901 2878 2252 2921 inveniantur:

821 2949 1056 2993 Thomas
1077 2950 1416 3005 Brugkmann
1437 2950 1768 2993 buchbinder

874 3009 928 3052 in
947 3010 1138 3064 Prager
1156 3011 1298 3052 alten
1317 3009 1467 3052 Stadt
1487 3009 1602 3053 auff
1619 3010 1713 3052 der

875 3069 1081 3112 Platner
1101 3080 1267 3124 gasse.

266 3137 384 3181 Non
403 3138 631 3181 multum
650 3140 831 3182 valent
849 3139 904 3182 hi
925 3140 1130 3192 calculi,
1158 3151 1284 3183 cum
1311 3141 1431 3183 loca
1457 3151 1524 3182 ex
1550 3140 1786 3195 eJusdem
1810 3139 1913 3182 diei
1936 3137 2391 3182 observationibus

192 3211 401 3262 reperta
426 3220 572 3264 saepe
590 3210 938 3254 vehementer
960 3211 1096 3254 inter
1114 3221 1172 3254 se
1192 3210 1455 3254 differant.
1486 3211 1654 3266 HuJus
1680 3210 1756 3254 rei
1781 3210 2086 3264 exemplum
2105 3209 2301 3263 insigne
2320 3207 2391 3249 in-

265 3292 278 3318 l
299 3292 442 3328 Sextus
468 3295 531 3329 est
556 3293 671 3338 apud
696 3294 916 3340 Buggeum
943 3294 987 3330 in
1014 3294 1099 3330 ima
1124 3306 1162 3339 p.
1184 3295 1310 3336 XVII,
1336 3294 1411 3330 ubi
1437 3295 1547 3330 male
1574 3294 1686 3330 dedit
1714 3292 2002 3339 »eomputatio
2028 3291 2387 3328 observationum«

193 3360 267 3395 pro
289 3350 657 3388 »Observationes«
680 3356 719 3389 et
742 3354 856 3389 »1584
876 3354 911 3389 ἀ
933 3354 1044 3390 1585«
1066 3364 1142 3399 pro
1166 3354 1315 3390 »1585«.

263 3410 280 3436 ²
299 3409 485 3453 Quintus
505 3414 567 3447 est
587 3412 701 3457 apud
721 3413 951 3459 Buggeum.
