2742 4204
1258 320 1387 373 1582

219 459 361 502 Inter
380 470 476 502 cor
497 457 551 516 Ω
572 460 625 501 et
643 457 990 501 meridionale

837 520 1000 571 caput
1019 517 1068 573 ][
1092 517 1150 560 37
1211 517 1240 560 2

220 577 472 632 Repetitio
493 576 730 620 eiusdem
1092 576 1150 619 37
1218 577 1265 622 lt

527 639 619 679 aut
636 636 660 682 ὲ
686 636 755 678 ad
775 635 1044 678 summum

870 694 1043 738 Tertio
1092 694 1150 738 37
1211 695 1240 738 2

871 753 1074 806 Quarto
1092 754 1149 797 37
1216 754 1234 796 1

220 814 359 858 luter
379 825 475 858 cor
494 816 546 857 et
565 800 797 857 cauda'm
820 811 874 871 g}
1091 813 1151 856 24
1174 813 1240 915 ἕο

218 933 417 976 Eadem
441 932 664 987 repetita
1091 931 1149 975 24
1180 884 1286 979 3Ε9ἳ3

219 992 360 1036 Inter
379 991 595 1047 Spicam
615 994 668 1035 et
687 995 850 1046 caput

799 1050 1239 1154 Qffiffissffi

216 1180 440 1285 505‘5550
453 1182 626 1225 altero
634 1180 956 1236 pinnacidio
968 1181 1024 1225 in
1035 1181 1288 1236 partibus

484 1313 597 1355 DIE
621 1312 675 1356 19
689 1312 1022 1365 JANUARIJ.

217 1384 358 1428 Inter
375 1384 607 1439 primam
619 1389 681 1438 V·
693 1387 746 1428 et
765 1386 981 1428 oculum
997 1384 1070 1442 8,

929 1445 1072 1489 bona
1090 1444 1149 1488 38
1179 1444 1238 1488 38

216 1503 358 1547 Inter
376 1506 608 1558 caputV
623 1506 674 1547 et
694 1505 911 1547 oculum
928 1504 1001 1561 ξς,

929 1564 1072 1608 bona
1091 1564 1150 1608 35
1180 1564 1264 1611 321}

215 1621 366 1665 Inter
380 1623 684 1666 extremam
702 1622 870 1677 pedis
889 1624 939 1680 Π
958 1624 1016 1667 et

665 1681 882 1737 Aldeb„
905 1682 1070 1726 dubia
1090 1682 1150 1726 24
1210 1683 1266 1727 4¹

214 1740 366 1785 Inter
379 1741 591 1785 calcem
614 1743 672 1786 et
689 1743 906 1786 oculum
925 1742 982 1801 bl
1090 1743 1150 1846 ἐξ
1180 1743 1241 1847 {Z

1252 1806 1269 1831 2

476 1872 588 1916 Per
602 1873 660 1930 Δ
681 1872 1024 1918 sextantem.

214 1942 364 1987 Inter
373 1953 471 1987 cor
480 1943 534 2003 Ω
550 1945 608 1988 et
618 1946 923 1989 extremam
941 1944 1097 2001 digiti

833 2005 1001 2059 pedis
1018 2006 1068 2063 ][
1091 2006 1150 2049 56
1179 2006 1264 2055 26}

601 2124 814 2168 calcem
831 2125 1000 2179 pedis
1016 2126 1066 2183 11
1090 2125 1149 2169 54
1180 2066 1287 2196 gis

579 2242 996 2288 meridionalem
1016 2245 1065 2303 ][
1089 2245 1151 2289 37
1199 2185 1286 2290 ιῗε

579 2303 813 2347 caudam
833 2303 887 2363 Ω
1088 2305 1149 2349 24
1179 2306 1262 2354 39}

979 2364 1032 2408 II
1088 2364 1149 2408 24
1179 2365 1263 2412 39}

363 2469 476 2512 DIE
494 2469 553 2513 20
568 2469 902 2524 JANUARU,
924 2472 1132 2517 MANE.

214 2539 356 2584 Inter
375 2551 471 2584 cor
492 2539 546 2599 Ω
567 2545 619 2585 et
639 2541 854 2597 Spicam
870 2542 937 2602 ΠΡ
1089 2545 1148 2589 54
1207 2548 1236 2589 5

214 2659 355 2703 Inter
375 2660 606 2704 caudam
630 2660 684 2719 Ω
705 2665 758 2705 et
777 2605 1002 2717 spicam1
1006 2605 1027 2647 I
1088 2606 1148 2708 ἐξ
1208 2606 1262 2713 ἐξ

957 2724 1238 2829 ὥξξ

583 2839 912 2885 VESPERI.
1174 2845 1286 2889 fere

213 2908 362 2951 Inter
377 2910 595 2953 oculum
613 2910 670 2969 ξς
684 2913 741 2955 et
757 2914 1063 2958 extremam

331 2968 388 3011 in
403 2970 551 3024 pede
570 2971 618 3028 ][
633 2981 740 3025 per
758 2972 896 3028 Trig.
915 2973 1069 3018 Sext.
1090 2975 1151 3018 24
1211 2975 1240 3019 4

333 3028 514 3072 denuo
536 3031 837 3085 repetendo
859 3032 971 3077 vil'a
998 3033 1074 3078 elt
1090 3035 1150 3078 24
1211 3035 1240 3078 4

215 3099 356 3143 Inter
376 3100 607 3145 Oculum
623 3103 678 3160 ἶς’

549 3165 602 3205 et
621 3164 829 3207 calcem
849 3165 998 3219 pedis
1015 3166 1065 3222 ][
1088 3166 1146 3209 25
1178 3166 1236 3209 54

634 3223 826 3266 eadem
846 3225 1069 3279 repetita
1088 3225 1147 3268 25
1178 3225 1262 3272 54}

275 3292 287 3316 ¹
309 3297 439 3335 Tycho
454 3298 651 3338 adscripfit:
667 3299 717 3330 fic
732 3300 795 3331 die
809 3300 1006 3340 sequente.

273 3340 290 3364 ²
308 3343 439 3383 Tycho
453 3345 652 3386 adscripsit:
666 3346 804 3379 saltem
820 3344 899 3390 5332.

271 3387 289 3413 ³
310 3392 339 3422 E
354 3392 485 3425 codice
499 3394 544 3424 V.

2347 329 2429 381 191

1364 460 1612 504 Extrema
1633 462 1782 515 pedis
1802 465 1853 505 et

1768 522 1953 565 merid.
1978 526 2205 581 caput][
2236 527 2288 569 21
2330 528 2408 573 14}

1767 582 1991 635 repetita
2235 586 2288 628 21
2330 587 2382 629 14

1363 637 1504 680 Inter
1524 649 1620 681 cor
1641 638 1695 696 Ω
1717 642 1768 681 et
1788 640 2134 685 meridionale

1986 705 2147 755 caput
2164 702 2213 759 ][
2237 704 2293 746 37
2361 706 2378 747 1

2319 764 2430 808 fere

1362 815 1554 858 eadem
1575 815 1815 859 distantia
1835 818 2029 861 iterum
2050 823 2209 874 capta
2238 821 2294 865 37
2361 824 2378 865 1

1599 922 1729 966 DIE
1744 922 1801 966 21
1813 923 1959 979 JAN
1966 924 2149 968 UARI
2136 926 2185 981 J.

1360 980 1511 1024 Inter
1527 982 1745 1025 oculum
1767 984 1822 1040 ὅ
1837 984 1895 1026 et
1911 985 2215 1028 extremam

1684 1041 1852 1096 pedis
1871 1042 2146 1087 inferioris
2163 1046 2213 1103 ][
2236 1047 2296 1090 24
2356 1048 2384 1091 4

1360 1099 1511 1142 Inter
1527 1101 1745 1144 oculum
1764 1102 1820 1159 ξς
1835 1103 1893 1145 et
1909 1103 2120 1146 calcem

1873 1161 2148 1206 inferioris
2165 1165 2214 1222 ][
2237 1165 2298 1208 25
2328 1167 2386 1210 55

1362 1219 1503 1262 Inter
1522 1220 1870 1265 meridionale
1892 1226 2053 1278 caput
2069 1223 2119 1280 Π

1975 1285 2027 1326 et
2047 1294 2142 1327 cor
2163 1283 2216 1342 Ω
2237 1285 2295 1328 37
2362 1287 2379 1329 1

1361 1338 1502 1382 Inter
1522 1341 1790 1383 ceruicem
1813 1340 1866 1398 Ω
1889 1345 1941 1385 et
1960 1344 2144 1386 merid.

1986 1406 2149 1457 caput
2165 1404 2214 1461 ][
2238 1405 2296 1448 36
2356 1406 2384 1449 3

1767 1461 1958 1504 eadem
1980 1462 2210 1507 secundo
2237 1464 2296 1507 36
2356 1466 2384 1508 3

1765 1520 1922 1564 tertio
1943 1525 2167 1577 accepta
2237 1523 2296 1567 36
2356 1525 2384 1568 3

1361 1577 1504 1620 Inter
1523 1589 1619 1622 cor
1638 1582 1691 1622 et
1710 1581 1943 1623 caudam
1966 1580 2020 1639 Ω
2237 1583 2296 1626 24
2326 1584 2384 1627 40

1361 1696 1503 1739 Inter
1522 1697 1738 1752 Spicam
1755 1698 1821 1755 m)
1836 1703 1888 1743 et
1909 1710 2003 1743 cor
2025 1700 2078 1759 Ω
2236 1703 2295 1745 54
2320 1644 2432 1752 feli?

1766 1759 1959 1803 eadem
1978 1762 2203 1815 repetita
2236 1763 2296 1805 54
2355 1765 2384 1806 2

1420 1817 1566 1860 Prior
1593 1816 1788 1861 harum
1813 1830 1922 1862 non
1947 1820 2019 1864 est
2046 1820 2188 1864 bona
2214 1826 2431 1878 propter

1359 1876 1642 1932 pinnacidij
1665 1888 1920 1922 errorem.
1938 1879 2126 1924 Adhuc
2147 1883 2338 1925 eadem
2359 1883 2432 1926 in-

1966 1943 2126 1984 venta
2147 1941 2218 1985 est
2236 1942 2295 1985 54
2354 1943 2383 1985 2

1362 1995 1518 2050 Spica
1535 1994 1601 2054 m)
1617 1999 1670 2040 et
1690 1997 1957 2043 borealior
1975 1999 2029 2043 in
2050 2000 2245 2044 sinistra
2264 2014 2430 2046 manu

1647 2056 1913 2112 Ophiuchi
2115 2060 2175 2103 42
2204 2061 2286 2108 34}

1647 2117 1845 2161 Eadem
1866 2119 2088 2173 repetita
2115 2120 2174 2163 42
2204 2120 2263 2164 34

1644 2176 1818 2221 Tertio
1839 2178 2062 2233 repetita
2114 2179 2173 2223 42
2202 2180 2399 2297 33}bo-

1645 2236 1847 2288 Quarto
1868 2239 2091 2294 repetita
2113 2239 2172 2282 42
2202 2240 2260 2283 33
2310 2253 2395 2285 nae

1358 2293 1877 2340 Interborealiorem
1895 2297 1952 2340 in
1967 2309 2134 2342 manu
2152 2297 2431 2354 Ophiuchi

1644 2356 1702 2398 et
1725 2355 2021 2409 Vulturem‚
2042 2357 2213 2402 semel
2234 2360 2292 2402 55
2327 2361 2404 2407 16}

1357 2413 1508 2457 Inter
1533 2413 1757 2469 Spicam
1783 2416 1849 2474 m)
1870 2418 1928 2460 et
1951 2417 2229 2462 Vulturem
2257 2419 2428 2474 poI1'to

1418 2474 1590 2517 altero
1605 2474 1925 2529 pinnacidio
1944 2477 1999 2520 in

1858 2536 2044 2580 500000
2061 2538 2089 2580 Ι
2110 2537 2169 2580 53
2200 2538 2258 2581 34
2320 2539 2410 2582 bo-

2035 2597 2090 2640 ΙΙ
2110 2597 2169 2640 53
2199 2597 2279 2645 34ὲ
2319 2609 2406 2642 nae

2008 2657 2088 2700 III
2108 2657 2168 2700 53
2198 2657 2257 2700 35

1988 2723 2221 2755 Examinatio
2252 2724 2426 2755 distantiae

1927 2770 2022 2802 inter
2046 2771 2243 2803 Vulturem
2276 2777 2312 2803 et
2344 2772 2426 2812 Spi-

1929 2827 2024 2856 cam,
2058 2819 2176 2858 pofito
2211 2819 2425 2859 pinnacidio

1927 2865 1965 2897 in
1986 2868 2138 2905 500000,
2156 2867 2281 2899 medio
2302 2865 2426 2899 10c0.³

1928 2913 2146 2946 Obseruatio
2160 2915 2260 2946 dedit

2198 2964 2259 2993 BE
2285 2964 2328 2994 53
2357 2959 2425 3004 34}

2082 3011 2180 3050 Ergo
2201 3011 2259 3041 FB
2286 3012 2329 3041 30
2381 3012 2400 3041 0

2101 3058 2177 3089 Erit
2196 3059 2259 3089 FE
2284 3060 2328 3089 23
2357 3053 2424 3098 34Ᾱ2ι

1927 3105 2164 3144 Inquiramus
2175 3105 2296 3145 primo
2306 3115 2423 3146 quan-

1440 3134 2068 3205 -Wsstitatem
2103 3153 2229 3193 anguli
2261 3154 2354 3184 ΕΑΒ
2386 3154 2423 3184 in

1391 3176 1430 3220 E
1611 3217 1645 3261 P
1925 3200 2028 3231 hunc
2043 3202 2211 3232 modum.

1925 3247 2036 3279 Sinus
2050 3249 2108 3279 FB
2121 3247 2168 3279 est
2178 3248 2247 3286 CB,
2259 3249 2422 3279 5000000
