2742 4204
486 333 576 384 102
1500 330 1612 382 1581

489 469 540 510 12
571 469 626 510 53
685 468 713 510 0
762 468 965 511 Sinister
990 479 1080 521 pes
1106 466 1312 510 Orionis
1335 467 1566 509 tranfiuit
1596 466 1942 509 meridianum
1970 477 2063 520 per
2091 466 2304 519 planum
2330 467 2630 520 quadrantis

541 528 1025 637 Proximeli'ggitileffii
1043 583 1259 626 meridie
1278 583 1606 637 horologium
1624 581 1823 624 tardius
1842 582 1950 624 ibat
1973 580 2025 623 14
2040 580 2109 622 M.
2130 581 2187 623 25
2203 581 2250 623 S.
2272 581 2358 634 qui
2377 593 2525 626 error
2542 583 2631 627 ho-

485 642 661 697 rologij
685 643 908 685 duorum
929 642 1131 685 dierum
1151 641 1259 691 fuit,
1281 653 1404 683 nam
1430 640 1481 682 10
1501 640 1582 682 die
1601 639 1653 681 in
1672 639 1887 682 meridie
1906 650 2012 682 non
2030 638 2195 692 potuit
2214 644 2259 689 Θ
2277 639 2455 683 videri.

1222 744 1347 786 DIE
1367 743 1422 785 12
1438 741 1540 786 ΝΟ
1550 741 1887 786 UEMBRIS.

489 803 541 846 14
600 803 628 846 4
663 804 715 846 15
763 802 1065 847 obseruauit
1080 802 1274 845 Petrus
1292 800 1512 844 limbum
1540 805 1568 850 ς(
1591 799 1979 842 occidentalem
2002 798 2192 842 distare
2210 799 2279 843 ab

2166 857 2439 903 Aldebora
2457 860 2543 903 27⁸
2551 860 2630 903 50⁴

487 919 541 962 14
598 919 628 962 8
657 919 716 962 40
761 918 862 962 suit
877 918 1076 961 limbus
1101 923 1128 969 (ζ
1153 915 1506 960 occidentalis
1524 915 1578 958 in
1598 914 1710 968 ipso
1728 914 2045 968 Meridiano,

488 976 541 1019 14
575 977 629 1020 10
657 979 715 1020 55
761 977 961 1019 limbus
977 985 1103 1018 vero
1117 974 1393 1019 orientalis
1406 973 1461 1016 in
1476 973 1666 1016 eodem
1682 971 1796 1015 suit.
1812 972 1936 1015 Fuit
1946 974 2124 1016 autem
2143 973 2418 1029 vtrobique

956 1033 1177 1077 altitudo
1202 1038 1230 1084 (ζ
1255 1032 1432 1086 quoad
1450 1030 1752 1084 supremam
1774 1029 1939 1084 ipsius
1958 1031 2443 1076 circumferentiam
2465 1034 2523 1076 59
2584 1035 2612 1076 7

488 1093 541 1135 14
575 1094 623 1135 11
657 1093 715 1135 45
763 1092 1063 1136 obseruauit
1079 1091 1272 1133 Petrus
1290 1089 1511 1132 limbum
1535 1089 1923 1132 occidentalem
1949 1095 1977 1140 (ζ
1997 1089 2052 1132 in
2073 1089 2316 1133 distantia

2087 1147 2155 1190 ab
2173 1147 2446 1193 Aldebora
2464 1150 2526 1193 27
2552 1151 2610 1193 55

759 1219 887 1261 ergo
911 1209 1150 1250 centrum
1176 1205 1295 1258 28.7,
1319 1204 1638 1258 fueruntque
1662 1204 1751 1248 12ae
1777 1204 2176 1249 obseruationes
2199 1206 2328 1250 satis
2352 1218 2448 1250 ex-

759 1265 973 1320 quisitae,
997 1265 1054 1306 vt
1069 1264 1276 1317 absque
1294 1262 1522 1306 sensibili
1539 1273 1717 1306 errore
1737 1263 1822 1306 eis
1843 1263 1919 1306 vti
1930 1263 2109 1317 poBis.

487 1325 540 1367 14
574 1325 627 1367 19
656 1324 715 1367 40
760 1323 861 1366 suit
875 1321 1106 1366 lucidior
1119 1321 1173 1364 in
1189 1321 1425 1375 pedibus
1442 1322 1490 1377 ][
1507 1320 1563 1363 in
1584 1321 1884 1365 meridiano
1908 1321 2120 1364 habens
2139 1322 2268 1365 altit.
2471 1322 2531 1366 50
2559 1323 2631 1377 44,

759 1382 877 1424 baec
898 1379 1192 1423 obseruatio
1211 1379 1305 1422 etsi
1323 1389 1428 1422 non
1448 1378 1549 1421 suit
1563 1378 1692 1422 satis
1711 1379 1970 1434 exquisita
1990 1380 2046 1422 et
2061 1381 2207 1424 certa
2222 1382 2445 1436 propter
2458 1381 2633 1425 nubes

762 1439 1030 1482 tenuiores
1049 1438 1175 1480 hinc
1194 1436 1321 1480 inde
1340 1439 1680 1481 recurrentes
1698 1437 1800 1481 fuit
1823 1439 2002 1481 tamen
2022 1438 2328 1492 mediocris,
2352 1440 2410 1482 vt
2427 1439 2633 1494 absque

758 1507 954 1550 magno
973 1495 1153 1549 aliquo
1173 1506 1351 1538 errore
1371 1506 1437 1539 eo
1456 1495 1617 1538 etiam
1643 1495 1720 1538 vti
1731 1496 1911 1550 poBis.

486 1557 538 1599 15
573 1557 622 1598 ΙΙ
652 1556 713 1599 20
758 1554 859 1598 suit
874 1553 1073 1597 limbus
1092 1553 1370 1597 orientalis
1391 1559 1419 1605 (ζ
1441 1554 1496 1596 in
1517 1553 1755 1597 azimuto
2461 1555 2632 1599 24⁸59¹

756 1613 967 1656 habens
986 1612 1319 1655 altitudinem
1343 1612 1521 1666 quoad
1538 1612 1839 1666 supremam
1862 1611 2347 1657 circumferentiam
2466 1614 2528 1656 57
2558 1614 2612 1657 15

481 1673 639 1726 atque
667 1672 793 1714 hinc
816 1672 976 1725 potes
1007 1669 1286 1714 verificare
1317 1671 1518 1714 motum
1551 1670 1817 1726 horologij
1845 1671 2237 1714 intermedium.
2267 1671 2477 1715 Interea
2505 1673 2634 1716 luna

476 1731 719 1784 promota
740 1729 815 1772 est
831 1729 889 1772 33
906 1728 1142 1772 minutis.

1261 1787 1372 1830 DIE
1396 1786 1448 1830 19
1468 1787 1847 1831 DECEMBRIS.

481 1847 636 1890 Mane
655 1847 715 1890 6³
729 1846 820 1888 49M
843 1846 1021 1889 Horol.
1044 1845 1214 1888 maius
1265 1851 1294 1896 (ζ
1316 1845 1536 1888 distabat
1555 1858 1648 1900 per
1668 1846 1885 1889 Radium
1907 1859 1939 1889 a
1958 1846 2111 1901 Spica
2127 1845 2192 1903 m)
2490 1847 2631 1890 3⁸47¹

659 1906 685 1947 7
727 1905 785 1947 29
1041 1905 1212 1947 minus
1261 1903 1387 1946 Fuit
1404 1904 1582 1947 autem
1607 1903 1848 1958 superior
1861 1904 2062 1947 limbus
2083 1910 2111 1956 (ζ
2126 1935 2139 1957 ,
2162 1905 2219 1947 et
2235 1903 2401 1958 Spica
2421 1905 2538 1948 erat
2553 1903 2635 1948 su-

475 1973 574 2016 pra
598 1968 625 2013 (ζ
651 1961 796 2016 quasi
816 1962 871 2005 in
897 1962 1089 2005 eadem
1115 1961 1463 2016 longitudine,
1485 1960 1582 2004 nili
1601 1962 1743 2016 quod
1762 1967 1790 2014 c(
1815 1964 1932 2006 erat
1948 1962 2315 2017 praetergressa
2337 1962 2557 2017 Spicam
2577 1962 2633 2006 in

478 2020 808 2074 longitudine
829 2020 976 2074 quali
994 2031 1099 2064 vno
1117 2021 1301 2074 gradu.

1265 2126 1376 2169 DIE
1394 2126 1453 2169 20
1471 2125 1850 2168 DECEMBRIS.

479 2194 739 2310 7³53M208}
752 2196 987 2240 Distabat
1006 2196 1236 2250 superius
1256 2207 1421 2239 cornu
1442 2200 1471 2247 (ζ
1491 2196 1543 2238 in
1563 2195 1930 2250 consequentia
2441 2195 2633 2311 {14061‘

479 2254 506 2297 8
575 2254 592 2296 1
634 2255 690 2297 35
753 2267 785 2298 a
803 2253 1144 2311 Spicanpper
1164 2254 1382 2298 Radium
2481 2253 2534 2296 14
2566 2253 2618 2300 9}

478 2313 773 2414 unffi-agatae
788 2313 1014 2367 sequenti
1032 2313 1247 2356 meridie
1268 2313 1440 2356 minus
1453 2312 1783 2367 horologium
1804 2312 2023 2356 celerius
2035 2311 2144 2355 ibat
2155 2310 2269 2364 264¹,
2286 2311 2455 2356 maius
2469 2312 2636 2356 stabat

1226 2429 1352 2472 DIE
1368 2427 1427 2472 30
1444 2428 1545 2472 DE
1549 2428 1828 2473 CEMBRI
1827 2427 1883 2473 S.

541 2498 687 2542 Coelo
706 2499 1026 2543 sereniBimo
1041 2510 1147 2553 per
1159 2498 1422 2542 Armillas
1442 2497 1786 2543 astrolabicas
1803 2498 1925 2542 haec
1946 2497 2238 2542 obseruaui.

537 2557 682 2600 Hora
702 2568 735 2600 a
754 2558 978 2600 meridie
1004 2558 1104 2601 1.43
1124 2557 1236 2600 vidi
1254 2558 1396 2612 quod
1416 2556 1584 2612 posito
1609 2558 1729 2600 loco
1747 2563 1792 2608 Θ
1811 2555 1866 2599 in
1891 2557 1992 2599 19.5
2010 2561 2044 2608 z
2061 2557 2222 2611 prout
2243 2555 2414 2600 nostra
2429 2555 2640 2611 praebet

479 2614 730 2659 restitutio
748 2615 850 2658 suit
865 2617 1018 2659 locus
1037 2616 1190 2659 limbi
1207 2616 1413 2659 lunaris
1434 2615 1804 2667 occidentalis,
1819 2615 1912 2669 qui
1928 2614 2025 2658 soli
2037 2615 2154 2658 erat
2161 2614 2375 2669 proxim
2383 2625 2448 2658 us
2463 2614 2518 2657 in
2531 2614 2639 2658 21.7

482 2673 550 2730 )·(‚
567 2674 909 2717 mediocriter
924 2674 1062 2717 bona
1083 2674 1464 2718 obseruatione.

538 2731 669 2775 Erat
690 2733 868 2775 autem
899 2733 1022 2776 tunc
1045 2739 1072 2785 (ζ
1094 2743 1199 2776 non
1219 2733 1379 2787 longe
1405 2743 1438 2775 a
1458 2732 1516 2775 90
1537 2731 1720 2776 Gradu
1747 2731 1969 2775 orientis
1994 2731 2274 2786 eclipticae,
2299 2731 2440 2774 vnde
2464 2730 2637 2774 insen-

479 2788 679 2832 sibilem
696 2790 885 2833 habuit
900 2791 1249 2845 longitudinis
1257 2790 1563 2845 paralaxin,
1579 2791 1696 2833 erat
1707 2791 1885 2834 autem
1897 2789 2181 2844 paralaxis
2195 2790 2287 2832 illa
2300 2788 2484 2832 saltem
2504 2789 2525 2832 1
2538 2788 2637 2832 mi-

479 2848 608 2891 nuti.
634 2848 989 2892 consideratis
1013 2850 1192 2903 itaque
1220 2849 1470 2893 omnibus
1497 2850 1614 2892 erat
1636 2849 1767 2892 hora
1791 2849 1840 2896 Η
1857 2849 2002 2892 lunae
2026 2848 2119 2891 ille
2143 2847 2344 2891 limbus
2365 2847 2420 2890 in
2437 2847 2544 2890 21.5
2565 2846 2634 2904 )(.

480 2906 767 2949 Paralaxis
779 2907 1079 2950 latitudinis
1093 2907 1187 2960 58÷,
1200 2908 1475 2961 longitudo
1489 2906 1660 2950 centri
1675 2913 1702 2959 (ζ
1718 2918 1792 2949 ex
1804 2907 1910 2949 Pru
1917 2906 2091 2950 tenico
2107 2907 2318 2949 calculo
2330 2905 2431 2949 suit
2443 2905 2498 2948 in
2511 2904 2637 2948 20.51

483 2964 551 3021 )(,
561 2965 785 3008 latitudo
802 2976 928 3008 vera
943 2965 1047 3008 424
1054 2967 1115 3008 B.
1127 2966 1268 3020 Ergo
1280 2966 1373 3008 lim
1380 2966 1481 3008 bus
1500 2965 1854 3009 occidentalis
1870 2966 1987 3008 erat
1997 2964 2051 3007 in
2065 2963 2201 3008 2034
2212 2964 2281 3021 )(‚
2294 2963 2489 3018 quibus
2497 2973 2637 3018 prae-

479 3023 637 3066 ceBio
650 3023 802 3066 addit
812 3023 879 3075 14,
892 3023 1018 3066 vtlit
1027 3024 1081 3066 in
1089 3023 1295 3080 20.48)(,
1306 3024 1448 3078 quod
1459 3022 1825 3067 obseruatione
1836 3022 1948 3077 ipsa
1963 3022 2095 3065 estl9
2103 3021 2367 3076 scrupulis
2380 3021 2634 3065 anterius.

537 3081 682 3124 Hora
696 3082 727 3124 2
743 3082 856 3125 Mto
869 3081 898 3124 0
919 3082 1201 3125 videbatur
1215 3082 1357 3125 idem
1380 3082 1580 3125 limbus
1606 3087 1634 3133 c(
1654 3092 1759 3136 per
1772 3080 2049 3134 Armillas,
2065 3080 2173 3124 sole
2188 3079 2356 3134 polito
2374 3079 2429 3122 in
2453 3079 2555 3122 19.7
2574 3084 2633 3132 z,

479 3139 534 3182 in
553 3139 688 3182 21.15
703 3139 754 3197 >(
769 3139 897 3183 satis
918 3140 1055 3183 bona
1077 3139 1442 3184 obseruatione
1463 3141 1520 3183 et
1536 3139 1792 3194 diligenti.
1816 3139 2073 3183 Calculus
2092 3138 2414 3182 Prutenicus
2434 3138 2528 3181 dat
2546 3148 2638 3180 ve-

480 3208 592 3240 ram
609 3197 994 3252 longitudinem
1011 3198 1065 3241 in
1078 3199 1133 3241 21
1141 3199 1180 3241 ‚1
1199 3198 1267 3255 )-(‚
1274 3197 1527 3252 paralaxi
1539 3198 1741 3241 existen
1748 3200 1797 3242 te
1810 3198 1877 3244 ἓν
1892 3196 2255 3252 longitudinis.
2273 3194 2634 3239 Latitudinem

482 3266 611 3299 vero
622 3255 989 3310 4.25para1axi
1007 3256 1264 3300 existente
1277 3257 1372 3301 561.
1389 3257 1530 3310 Ergo
1543 3256 1743 3300 limbus
1763 3254 2118 3300 occidentalis
2139 3254 2422 3298 videbatur
2435 3254 2490 3296 in
2503 3253 2638 3297 2056

483 3314 535 3371 )(
551 3315 693 3369 quod
710 3314 890 3358 rursus
914 3314 966 3357 19
984 3313 1247 3368 scrupulis
1267 3314 1341 3357 est
1358 3314 1614 3357 anterius,
