2742 4204
1277 302 1406 355 1582

744 437 938 482 eadem
997 439 1111 483 fere
1130 439 1188 482 54
1249 441 1278 483 2

744 497 938 541 eadem
1130 499 1189 542 54
1254 500 1302 547 1}

744 557 935 600 eadem
969 557 1111 601 bona
1130 558 1189 601 54
1249 559 1278 602 2

233 615 401 672 (Potes
427 614 604 669 itaque
634 615 756 658 ratis
782 619 930 659 certo
956 616 1031 659 vti
1059 617 1301 661 distantia

234 673 410 718 cordis
426 672 480 732 Ω
496 677 548 717 et
566 674 739 729 Spicae
761 674 827 732 m)
848 675 907 718 54
948 676 993 728 2,
1016 678 1175 730 atque
1194 677 1300 721 hoc

233 733 529 777 concordat
578 744 704 777 cum
755 735 1125 779 obseruatione
1176 737 1300 780 anni

237 792 400 850 1583).ι

455 876 567 918 DIE
592 876 646 919 12
666 876 1072 922 NOUEMBRIS.

231 953 373 996 Inter
395 964 456 996 os
475 954 646 1008 Pegafi
667 956 720 997 et
739 957 902 1009 caput
924 954 1036 998 eius
1158 956 1185 998 7
1215 956 1275 999 22

231 1012 372 1056 Inter
384 1012 663 1056 Vulturem
683 1016 736 1056 et
754 1015 1152 1068 praecedentem
1173 1015 1299 1059 dua-

229 1083 350 1114 rum
370 1083 664 1127 paruarum
684 1072 737 1115 in
757 1071 972 1128 pee’tore
991 1075 1180 1130 Pegasi,
1210 1075 1298 1119 seu

227 1130 280 1174 in
299 1131 561 1187 triangulo
582 1132 753 1187 Pegasi
1072 1134 1094 1176 1
1126 1133 1185 1177 44
1215 1135 1275 1178 30

1022 1193 1094 1296 15
1125 1193 1185 1296 ᾖ
1215 1194 1274 1297 {8

455 1357 569 1400 DIE
587 1357 646 1401 22
666 1357 1073 1403 NOUEMBRIS.

230 1434 372 1477 Inter
391 1445 452 1478 os
470 1435 642 1490 Pegasi
665 1439 717 1479 et
741 1436 1048 1481 inferiorem
1068 1436 1297 1492 ped’toris

532 1494 773 1539 distantia
793 1496 872 1540 bis
892 1500 1105 1552 reperta
1123 1497 1183 1541 20
1244 1498 1273 1541 0

229 1552 370 1596 Inter
389 1552 712 1608 superiorem
732 1554 960 1610 ped’coris
981 1560 1033 1600 et

852 1626 912 1659 os
932 1617 1104 1671 Pegasi
1123 1617 1176 1660 21
1212 1617 1266 1660 21

474 1673 775 1718 Earundem
795 1674 1035 1719 distantia
1056 1676 1102 1719 II
1122 1676 1175 1719 21
1212 1677 1270 1720 25

287 1829 298 1854 ¹
322 1833 415 1864 Haec
429 1834 542 1865 verba
554 1833 592 1865 in
607 1834 686 1867 folo
701 1835 833 1868 codice
843 1837 888 1868 V.
902 1836 1145 1876 reperiuntur.

2346 313 2438 365 195

1600 443 1714 486 DIE
1733 444 1790 488 23
1812 445 2218 493 NOUEMBRIS.

1376 513 1518 556 Inter
1527 513 1807 559 Vulturem
1827 519 1879 559 et
1898 520 2295 571 praecedentem
2315 522 2440 566 dua-

1374 583 1496 614 rum
1504 584 1799 626 paruarum
1811 575 1863 618 in
1871 575 2084 630 petitore
2093 579 2329 634 Pegafi44
2360 581 2419 625 34

1435 631 1556 675 Non
1570 632 1691 676 satis
1708 637 1871 686 certa,
1891 636 2015 689 quia
2028 637 2270 683 vicinitas
2287 645 2332 690 Θ
2351 640 2443 683 mi-

1374 691 1574 734 nuebat
1594 691 1928 747 splendorem
1949 694 2230 741 stellarum.

1375 749 1517 793 Inter
1536 762 1597 794 os
1615 752 1788 807 Pegasi
1809 755 1860 796 et
1881 757 2043 808 caput

1992 813 2249 859 Androm.
2271 816 2330 859 38
2360 817 2419 860 48

2059 874 2251 918 eadem
2271 875 2329 918 38
2360 876 2418 919 48

1374 927 1516 972 Inter
1535 932 1698 984 caput
1716 931 2078 976 Andromedae
2098 936 2150 976 et

1904 995 2066 1046 caput
2085 993 2256 1048 Pegasi
2275 993 2334 1037 36
2395 997 2423 1037 5

2362 1054 2441 1098 bis

1373 1106 1514 1150 Inter
1525 1118 1585 1150 os
1596 1108 1768 1163 Pegasi
1779 1112 1832 1152 et
1846 1113 2145 1154 extremam
2159 1112 2260 1155 alae
2270 1111 2329 1155 36
2360 1113 2442 1160 42}

1596 1227 1710 1270 DIE
1729 1227 1787 1270 27
1810 1227 2215 1274 NOUEMBRIS.
2361 1173 2441 1216 bls

1372 1296 1627 1341 Distantia
1659 1298 1795 1343 inter
1823 1302 2108 1356 Vtrumque
2139 1301 2439 1346 Humerum

1562 1357 1773 1402 Orionis
1794 1371 1890 1414 per
1909 1359 2048 1405 Sext.
2071 1361 2274 1416 Trigon.
2299 1363 2325 1405 7
2356 1362 2415 1405 37

2206 1421 2325 1523 133
2356 1421 2416 1525 ἐξ

1594 1548 1706 1592 DIE
1726 1549 1786 1593 30
1808 1549 2213 1595 NOUEMBRIS.

1370 1617 1624 1663 Distantia
1664 1621 1830 1676 super.
1866 1623 2014 1677 pedis
2046 1623 2328 1680 Erichtonij
2370 1624 2437 1667 ab

1822 1681 1972 1726 infer.
1996 1684 2170 1738 capite
2195 1683 2249 1784 {P}
2267 1683 2328 1786 {g
2357 1683 2417 1786 {2

2212 3436 2280 3469 25*
