2690 4178
376 321 510 371 XIV
913 316 1568 369 PROLEGOMENA
1595 314 1989 366 EDITORIS

375 459 507 507 sunt,
528 456 598 498 ita
616 459 809 506 tamen,
829 458 886 497 ut
904 454 1190 508 periculum
1210 465 1315 496 non
1327 452 1405 503 sit,
1428 464 1491 494 ne
1506 463 1671 494 annus
1685 462 1790 494 non
1805 452 2129 505 agnoscatur.
2151 450 2379 494 Primum
2391 463 2521 506 prae-

375 526 560 568 bentur
579 525 968 568 observationes
987 523 1118 566 Solis
1142 535 1211 564 m.
1234 523 1358 565 Dec.
1385 521 1516 563 1577
1537 524 1589 564 et
1603 521 1630 572 J
1635 533 1715 563 an.
1743 519 1891 571 1578,
1919 519 2103 562 deinde
2129 520 2520 565 observationes

375 595 569 648 aliquot
599 596 761 637 stellae
789 594 996 644 Polaris‚
1030 592 1420 636 observationes
1449 590 1579 633 Solis
1608 603 1639 632 a
1668 590 1858 632 Martio
1891 601 1936 631 a.
1972 587 2104 630 1578
2134 600 2298 642 usque
2330 591 2397 632 ad
2425 591 2520 634 De-

374 665 640 707 cembrem
661 677 707 706 a.
733 663 882 714 1579,
911 663 1027 706 aliae
1048 661 1438 705 observationes
1458 671 1715 702 annorum
1740 656 2016 709 1578—80,
2043 658 2231 701 calculi
2252 659 2519 713 eclipsium

368 734 480 784 Jan.
516 733 649 776 1580
677 737 727 775 et
749 733 846 784 Jul.
882 731 1006 774 1581
1043 742 1106 774 ac
1135 742 1320 784 paucae
1348 732 1605 783 praeterea
1634 729 2038 771 observationes.
2069 728 2310 782 Sequitur
2340 729 2521 772 »Liber

373 803 732 845 distantiarum
752 802 1028 844 Stellarum
1053 800 1334 842 affixarum
1355 800 1420 841 ab
1440 798 1583 841 initio
1607 798 1727 840 anni
1752 797 1928 848 1578«,
1956 797 2141 840 deinde
2159 809 2286 840 vero
2310 798 2520 842 »Obser-

371 873 606 915 vationes
625 871 984 926 geographicae
1004 870 1055 912 in
1073 870 1239 912 insula
1254 869 1439 911 Huena
1457 868 1659 918 factae«,
1679 867 1710 910 i.
1727 879 1770 910 e.
1793 866 2185 910 observationes
2204 867 2358 910 rudes
2378 867 2520 911 diffe-

370 942 654 984 rentiarum
680 941 1066 984 azimuthorum
1090 939 1312 981 turrium
1337 938 1531 981 aedium
1557 948 1845 988 sacrarum,
1874 948 1992 990 quae
2019 948 2050 978 a
2078 936 2263 979 Hvena
2289 938 2520 991 conspici

370 1014 651 1064 poterant3¹
679 1011 763 1052 hae
788 1010 840 1052 in
864 1010 1052 1052 librum
1078 1009 1347 1051 involucro
1367 1008 1479 1062 Jam
1504 1007 1749 1049 vestitum
1773 1006 1959 1050 insutae
1983 1009 2117 1056 sunt,
2145 1017 2267 1049 cum
2291 1006 2380 1049 fila
2405 1007 2520 1050 dor-

369 1092 486 1122 sum
511 1083 793 1133 penetrent,
821 1082 870 1122 et
895 1091 959 1122 ex
985 1080 1086 1121 hoc
1112 1079 1243 1121 libro
1270 1089 1391 1120 cum
1415 1076 1599 1119 ceteris
1619 1076 1671 1118 in
1690 1076 1928 1119 codicem
1947 1076 1991 1117 A
2010 1076 2364 1130 transscriptae
2383 1080 2516 1119 sunt.

369 1149 661 1202 Sequuntur
685 1152 930 1202 quattuor
954 1147 1187 1191 fasciculi
1210 1147 1478 1189 titulorum
1505 1145 1702 1199 paginis
1727 1145 1980 1197 instructi;
2007 1146 2182 1189 insunt
2210 1146 2251 1201 1)
2275 1146 2519 1189 Astrono-

369 1219 522 1262 micae
548 1219 938 1261 observationes
964 1230 996 1259 a
1020 1217 1236 1260 solstitio
1262 1216 1498 1269 hyberno
1523 1227 1569 1257 a.
1596 1214 1729 1257 1580
1754 1216 1822 1258 ad
1847 1215 2122 1258 solstitium
2147 1215 2443 1269 hybernum
2469 1228 2515 1259 a.

372 1287 496 1329 1581
523 1287 766 1342 (primum
781 1287 927 1338 Solis,
949 1287 1133 1330 deinde
1145 1286 1464 1339 reliquorum
1479 1284 1840 1340 planetarum),
1861 1285 1907 1340 2)
1921 1285 2326 1328 Observationes
2339 1285 2520 1328 affixa-

367 1369 484 1399 rum
504 1359 770 1400 stellarum
790 1368 883 1410 per
902 1356 1274 1407 Quadrantem,
1297 1355 1613 1405 Sextantem‚
1635 1354 1853 1397 Radium
1867 1355 1907 1396 8ι
1919 1355 2178 1406 Armillas‚
2198 1355 2244 1410 3)
2263 1355 2519 1398 Observa-

365 1427 531 1469 tiones
557 1427 799 1469 Fixarum
824 1430 917 1480 per
941 1426 1242 1468 Sextantem
1267 1426 1308 1467 δι
1334 1424 1551 1467 Radium
1575 1435 1671 1478 pro
1697 1424 1949 1478 distantijs
1975 1424 2242 1476 habendis,
2268 1424 2314 1481 4)
2334 1425 2518 1469 Obser-

366 1496 600 1539 vationes
621 1496 860 1538 Fixarum
886 1507 980 1549 per
997 1495 1240 1537 Armillas
1264 1494 1312 1548 (i.
1335 1506 1378 1537 e.
1401 1494 1693 1536 altitudines
1716 1494 2020 1537 meridianae
2040 1506 2072 1536 a
2091 1506 2160 1537 m.
2184 1495 2297 1538 Oct.
2317 1495 2371 1538 in
2389 1495 2515 1538 Dec.

366 1577 411 1607 a.
447 1564 600 1616 1581;
633 1567 789 1608 nullae
818 1568 998 1607 tamen
1029 1565 1420 1608 observationes
1451 1575 1544 1618 per
1571 1563 1846 1619 Armillas).
1879 1564 1960 1606 Ad
1987 1564 2147 1607 finem
2176 1565 2371 1608 codicis
2399 1569 2518 1608 sunt

365 1634 730 1687 Ephemerides
750 1635 955 1677 Solares
976 1646 1235 1677 annorum
1258 1632 1510 1676 1578—81
1523 1666 1534 1684 ,
1559 1645 1678 1687 quae
1698 1634 1766 1675 ad
1784 1645 2212 1688 unumquemque
2231 1634 2369 1677 diem
2387 1646 2518 1689 pra-.-

364 1704 486 1745 bent
499 1704 631 1747 Solis
644 1704 1032 1758 longitudinem;
1050 1704 1270 1757 denique
1284 1702 1546 1757 Inquisitio
1560 1702 1887 1756 longitudinis
1901 1703 2236 1747 &latitudinis
2249 1705 2517 1747 stellarum

363 1773 413 1814 in
433 1774 667 1816 lancibus
687 1776 742 1828 Q
763 1775 830 1816 ad
850 1786 1046 1816 annum
1070 1773 1247 1815 1580.2

421 1843 553 1885 Duae
579 1843 687 1886 fere
711 1846 887 1897 partes
912 1843 1064 1897 hujus
1089 1842 1284 1886 codicis
1309 1841 1467 1896 ipsius
1491 1842 1752 1895 Tychonis
1778 1855 1939 1885 manu
1963 1843 2171 1897 scriptae
2197 1847 2330 1887 sunt.
2362 1845 2516 1888 Locis

361 1913 617 1955 nonnullis
637 1913 1028 1955 observationes
1046 1912 1228 1963 intulit,
1250 1923 1380 1965 quas
1399 1923 1504 1954 non
1523 1911 1632 1965 ipse
1652 1912 1863 1963 fecerat,
1885 1912 1977 1955 sed
1995 1913 2172 1955 Petrus
2184 1914 2267 1956 vel
2280 1914 2516 1957 Andreas

360 1982 442 2023 vel
461 1982 548 2036 (m.
566 1982 594 2032 J
598 1995 679 2025 an.
702 1995 748 2025 a.
774 1983 902 2037 1581)
920 1982 1261 2024 Architectus.
2034 2003 2036 2006 .

430 2051 559 2093 Cum
586 2051 915 2094 involucrum
943 2051 1095 2105 hujus
1124 2051 1319 2093 codicis
1346 2050 1513 2093 simile
1543 2050 1609 2093 sit
1638 2050 1714 2101 iis,
1747 2051 1932 2104 quibus
1959 2052 2130 2094 vestiti
2155 2055 2275 2095 sunt
2306 2053 2359 2096 19
2385 2054 2515 2097 tomi

359 2120 786 2163 Vindobonenses
817 2120 1006 2174 (codex
1026 2120 1105 2176 V),
1136 2119 1360 2162 dubitari
1387 2131 1493 2162 non
1520 2123 1705 2173 potest,
1737 2121 1860 2173 quin
1886 2121 2025 2164 hunc
2054 2121 2282 2175 primum
2309 2125 2515 2166 tomum

357 2190 514 2232 totius
534 2190 769 2244 corporis
789 2201 903 2233 esse
921 2190 1101 2243 Tycho
1121 2190 1356 2233 voluerit.

576 2318 795 2360 CODEX
815 2317 857 2361 C
879 2338 932 2354 =
953 2318 1068 2360 Ant.
1092 2317 1214 2360 Coll.
1239 2318 1352 2371 Reg.
1373 2317 1454 2359 311
1479 2317 1531 2358 in
1550 2316 1637 2359 fol.
1660 2317 1889 2360 continet
1908 2318 2299 2363 observationes

1156 2398 1414 2430 annorum
1438 2385 1713 2429 1582—86.

428 2468 616 2511 Forma
641 2469 840 2512 chartae
866 2469 958 2520 33,⁵
973 2478 1013 2505 ><
1027 2469 1119 2520 21,⁵
1140 2480 1227 2511 cm
1251 2468 1326 2524 (ut
1345 2471 1641 2511 ceterorum
1662 2479 1870 2522 quoque
1888 2469 2128 2523 proxime
2146 2472 2510 2530 sequentium);

358 2538 553 2592 aliquot
570 2542 749 2581 tamen
768 2539 892 2581 folia
905 2540 1062 2592 paulo
1078 2539 1282 2581 minora
1297 2541 1429 2580 sunt.
1453 2538 1732 2581 Involucro
1745 2538 1960 2582 vestitus
1974 2538 2070 2582 fuit
2081 2540 2206 2583 satis
2219 2541 2350 2593 rudi,
2372 2544 2513 2596 quod

357 2619 493 2651 nunc
513 2611 690 2651 tamen
710 2612 1021 2651 renovatum
1042 2611 1133 2660 est,
1156 2619 1279 2651 cum
1299 2608 1350 2650 in
1367 2611 1473 2650 tres
1491 2611 1667 2650 tomos
1687 2608 1857 2651 codex
1876 2608 2070 2652 divisus
2091 2612 2207 2653 est.³
2234 2611 2374 2655 Folia
2393 2623 2513 2655 con-

355 2678 482 2720 tinet
499 2678 688 2721 formae
707 2678 956 2721 maximae
975 2677 1076 2729 494,
1098 2689 1160 2720 ac
1185 2678 1238 2720 10
1256 2680 1513 2732 praeterea
1532 2677 1736 2728 formae,
1759 2689 1878 2731 quae
1894 2682 2130 2731 vocatur,
2154 2683 2371 2734 quartae,
2393 2693 2512 2735 quae

357 2748 425 2789 ad
443 2748 602 2790 finem
624 2748 745 2790 anni
768 2747 877 2790 1584
897 2748 1089 2790 inserta
1109 2751 1247 2798 sunt;
1270 2742 1515 2790 exhibent
1533 2747 1619 2790 hae
1639 2747 2031 2791 observationes
2049 2749 2137 2793 illo
2159 2761 2296 2793 anno
2317 2751 2383 2794 ab
2404 2751 2512 2794 Elia

356 2818 470 2860 Olai
489 2818 542 2859 in
563 2817 844 2860 Germania
864 2818 1046 2860 factas.
1075 2818 1250 2860 Codex
1276 2817 1598 2870 compositus
1624 2820 1702 2859 est
1726 2829 1754 2859 e
1780 2818 2134 2871 compluribus
2157 2819 2432 2872 fasciculis,
2459 2820 2511 2863 in

265 2935 269 2937 ,
355 2898 486 2940 quos
498 2887 738 2930 omnibus
750 2887 930 2930 diebus
941 2888 1230 2930 secundum
1239 2887 1491 2940 temporis
1502 2886 1738 2929 ordinem
1750 2887 2141 2931 observationes
2153 2889 2334 2932 relatae
2345 2893 2508 2933 erant.

356 2956 449 2999 His
469 2957 728 3000 fasciculis
748 2957 1017 3000 involucra
1037 2957 1260 2999 defuisse
1273 2955 1527 3007 videntur,
1549 2967 1672 2998 cum
1691 2956 1815 3000 folia
1834 2957 2062 3010 primum
2082 2961 2133 3001 et
2150 2958 2391 3001 ultimum
2404 2971 2511 3002 sor-

355 3026 475 3069 dida
495 3026 604 3069 fere
623 3027 736 3069 sint.
760 3027 817 3069 In
836 3027 1024 3081 pagina
1044 3027 1214 3080 prima
1232 3025 1391 3079 ipsius
1409 3026 1670 3079 Tychonis
1688 3038 1850 3069 manu
1869 3026 1942 3069 sic
1962 3027 2215 3081 scriptum
2234 3031 2332 3071 est:

425 3145 435 3168 ¹
459 3143 518 3179 Cf.
541 3143 611 3188 Op.
630 3146 727 3179 tom.
749 3144 763 3178 1
785 3155 822 3188 p.
842 3144 989 3179 XXVII
1011 3154 1069 3188 sq.

421 3202 438 3227 ²
459 3202 518 3236 Cf.
538 3201 643 3237 infra
690 3229 698 3237 .
719 3202 774 3237 86.

421 3260 437 3285 ³
458 3260 614 3295 Omnes
634 3213 797 3295 egdiees
817 3260 1002 3295 311-318
1022 3258 1175 3295 abhinc
1194 3269 1351 3303 paucos
1372 3268 1506 3294 annos
1526 3257 1751 3294 involucris
1772 3258 1891 3295 novis
1904 3259 2037 3295 vestiti
2054 3262 2165 3301 sunt;
2187 3259 2356 3306 antiqua
2369 3263 2507 3297 tamen

352 3317 395 3352 in
414 3317 665 3354 bibliotheca
685 3327 872 3353 seorsum
893 3319 1164 3352 asservantur.
