2742 4204
1173 345 1301 397 1578
2263 350 2330 402 73

194 485 361 530 Pofita
375 483 640 526 stellarum
654 480 887 523 fixarum
906 481 1226 536 longitudine
1247 485 1300 524 et
1318 482 1588 526 latitudine
1607 484 1643 526 fi
1658 484 1727 526 ad
1748 484 2053 529 obseruatas
2068 487 2331 532 distantias

138 544 466 600 inquirantur
483 541 606 609 loca
624 541 693 596 ἅ,
709 550 817 582 non
837 541 1173 583 conueniunt.
1191 540 1316 584 Ideo
1339 544 1431 584 aut
1449 543 1570 585 loca
1585 541 1848 585 stellarum
1866 543 2094 598 suspecta
2109 546 2223 589 sunt
2242 550 2332 590 aut

139 616 258 649 mea
280 602 637 701 ‘’bl-emaum&
656 658 969 701 Decembris
989 657 1228 701 distantia
1247 659 1294 714 (ᾖ
1314 658 1381 702 ab
1403 658 1593 702 eadem
1614 659 1757 702 stella
1783 660 1810 702 7
1840 660 1898 702 52

197 722 255 766 In
275 721 359 764 die
380 720 530 764 sacro
550 717 837 761 nativitatis
858 717 921 760 D.
943 717 1079 760 hora
1093 717 1121 760 6
1141 718 1189 761 P.
1209 717 1279 761 M.
1303 718 1582 761 obseruaui
1602 718 1900 762 distantiam
1918 721 1965 775 ὅ
1986 732 2018 763 a

1203 776 1377 831 prima
1445 775 1468 950 }
1783 778 1810 820 7
1842 777 1900 821 32

1203 835 1431 879 secunda
1489 835 1700 889 stellav
1783 836 1811 879 9
1872 836 1900 879 8

1202 894 1357 938 tertia
1758 895 1811 938 12
1841 894 1900 939 46

197 957 449 1002 Distantia
469 955 715 1000 secundae
735 953 893 998 stellae
915 965 948 997 a
966 954 1122 997 tertia
1141 953 1331 997 Arietis
1356 953 1385 996 4
1445 953 1516 1069 9¹}
1531 953 1706 997 maior
1725 954 1975 1009 superiori
1995 967 2115 1010 quae

197 1016 448 1062 Distantia
467 1014 659 1071 primae
680 1013 838 1057 stellae
860 1025 890 1056 a
912 1013 1214 1065 secunda‘v·
1362 1013 1379 1055 1
1416 1012 1474 1056 38
1529 1012 1671 1056 facta
1691 1013 1788 1057 fuit
1806 1013 1864 1057 29
1885 1014 2022 1069 Sept.

197 1077 294 1121 Die
313 1076 372 1120 26
391 1073 705 1119 Decembris
726 1072 969 1116 distantia
987 1073 1035 1128 ὅ
1054 1084 1087 1115 a
1106 1072 1281 1127 prima
1302 1073 1447 1115 stella
1466 1073 1492 1115 7
1523 1072 1591 1116 14.

197 1136 369 1192 Spicae
383 1133 714 1178 altitudinem
732 1132 1084 1176 meridianam
1100 1132 1287 1186 saepius
1302 1132 1643 1175 obseruaui3l
1673 1132 1759 1184 10⁴,
1769 1133 1935 1187 posita
1949 1132 2217 1176 altitudine
2231 1135 2338 1188 poli

138 1196 196 1241 50
221 1197 263 1239 7.
277 1193 611 1238 Culminabat
629 1192 822 1236 eodem
837 1194 1080 1245 tempore
1102 1202 1227 1234 cum
1245 1191 1401 1245 Spica
1420 1190 1479 1233 24
1494 1190 1698 1245 Hydrae
1719 1203 1841 1234 cum
1868 1191 1921 1234 19
1946 1191 2020 1234 35.
2036 1191 2165 1236 Esset
2183 1193 2338 1247 longi-

138 1256 267 1300 tudo
286 1254 459 1310 Spicae
479 1254 625 1296 iuxta
644 1263 826 1295 meam
847 1250 1272 1294 obseruationem
1294 1250 1382 1294 illo
1404 1261 1545 1294 anno
1565 1251 1618 1293 in
1642 1251 1694 1293 17
1725 1251 1799 1294 30⁴
1815 1252 1911 1306 &¹-

197 1365 208 1390 ¹
231 1368 373 1399 Harum
387 1365 690 1398 obseruationum
703 1364 780 1395 duo
795 1367 919 1396 extant
932 1362 1112 1403 exempla,
1122 1362 1160 1395 in
1174 1363 1327 1395 duobus
1340 1362 1440 1394 foliis
1453 1362 1587 1395 iisdem
1600 1363 1676 1394 fere
1689 1362 1813 1394 verbis
1826 1363 1872 1394 ab
1888 1363 2053 1404 Hagecio
2067 1363 2255 1404 descripta.
2267 1364 2337 1395 Cfr.

140 1415 306 1457 epistolas
319 1413 509 1454 'tychonis
523 1413 570 1445 ad
581 1410 790 1453 Hagecium
810 1419 911 1443 anno
930 1411 1018 1442 1590
1033 1410 1092 1442 die
1113 1412 1167 1442 23.
1180 1411 1270 1442 Feb.
1285 1416 1321 1442 et
1334 1410 1392 1442 die
1407 1411 1439 1442 3.
1454 1410 1603 1451 Augusti
1617 1410 1779 1450 scriptas.
1793 1411 1891 1442 Infra
1903 1411 1949 1442 ad
1963 1410 2076 1443 finem
2096 1411 2183 1443 anni
2200 1413 2287 1443 1579
2303 1416 2339 1443 et

139 1464 186 1496 ad
198 1463 312 1495 finem
324 1471 357 1494 a.
375 1462 464 1493 1580
477 1460 648 1493 invenies
661 1459 752 1491 alias
767 1458 1047 1491 obseruationes
1060 1458 1242 1490 stellarum
1255 1458 1409 1490 fixarum
1423 1458 1469 1490 ab
1485 1457 1651 1499 Hageeio
1665 1457 1853 1490 institutas.

2158 3470 2197 3499 10
