2690 4178
372 353 482 403 XX
912 344 1569 399 PROLEGOMENA
1595 341 1991 394 EDITORIS

374 487 592 530 CODEX
621 486 662 527 K
683 506 737 521 =
756 486 871 526 Ant.
895 485 1018 526 Coll.
1042 484 1155 536 Reg.
1181 480 1291 523 1828
1315 481 1367 523 in
1389 481 1459 531 4⁰,
1488 479 1715 522 continet
1742 477 2133 520 observationes
2158 477 2523 530 transscriptas

591 566 847 598 annorum
872 552 1019 603 1593,
1047 551 1193 602 1590,
1221 549 1368 601 1598,
1394 548 1542 600 1599,
1563 548 1756 590 mensis
1771 546 2003 598 Januarii
2023 546 2143 588 anni
2166 545 2313 588 1600.

443 632 630 673 Forma
651 630 848 672 chartae
869 629 960 678 21‚⁵
975 636 1017 663 ><
1037 627 1123 677 16‚⁵
1144 638 1228 669 cm
1254 626 1328 681 (ut
1347 627 1642 667 ceterorum
1669 633 1875 676 quoque
1900 621 2139 675 proxime
2164 621 2522 678 sequentium).

375 702 650 743 Involucro
682 698 971 741 recentiore
1001 696 1215 739 vestitus
1247 698 1337 738 est.
1372 694 1512 736 Folia
1544 693 1772 736 continet
1802 691 1903 742 478,
1937 690 2113 733 omnia
2146 690 2332 733 eadem
2365 703 2525 734 manu

374 770 566 823 scripta
587 773 778 822 praeter
797 768 900 810 foll.
922 765 1167 808 464-478,
1191 766 1444 807 Consutus
1464 765 1542 805 est
1561 774 1590 805 e
1608 762 1771 804 tribus
1791 760 2067 803 fasciculis.

445 839 586 881 Fasc.
601 839 637 889 Ι,
653 838 759 880 foll.
778 836 931 886 1—66,
948 836 1175 879 continet
1189 832 1580 877 observationes
1591 831 1723 874 Solis
1735 831 1898 872 Lunae
1913 831 2240 884 planetarum
2255 830 2376 872 anni
2394 829 2527 873 1593

376 909 562 951 eodem
583 907 776 958 ordine,
799 918 954 959 quem
973 905 1118 958 sequi
1136 905 1268 947 solet
1285 904 1453 946 codex
1466 902 1525 943 V.
1549 901 1667 944 Non
1680 911 1892 954 prorsus
1906 899 2101 953 integer
2114 901 2206 950 est,
2228 910 2351 942 cum
2363 911 2527 942 unum

376 981 426 1019 et
441 979 660 1019 alterum
675 977 856 1018 folium
870 975 1080 1029 periisse
1094 974 1345 1016 videatur.
1363 971 1559 1014 Desinit
1572 971 1624 1013 in
1638 969 2004 1013 observatione
2012 968 2226 1011 Veneris
2240 969 2375 1023 Sept.
2392 970 2440 1012 d.
2453 970 2526 1020 25,

376 1048 467 1089 sed
493 1059 611 1100 quae
637 1049 754 1099 post
779 1046 914 1087 hanc
942 1045 1141 1095 desunt,
1168 1042 1496 1085 inveniuntur
1514 1041 1566 1082 in
1584 1040 1613 1082 4
1632 1039 1765 1082 foliis
1785 1039 1853 1081 ad
1871 1039 2031 1081 finem
2053 1038 2248 1081 codicis
2267 1040 2303 1081 E
2325 1039 2525 1082 additis.

447 1116 588 1158 Fasc.
623 1116 683 1166 ΙΙ,
721 1115 828 1157 foll.
862 1113 1078 1163 67—260,
1117 1112 1345 1155 continet
1378 1110 1768 1153 observationes
1800 1108 1921 1150 anni
1963 1106 2111 1159 1590,
2151 1109 2366 1151 easdem
2398 1121 2529 1162 quas

377 1187 576 1239 praebet
590 1186 641 1235 E,
662 1184 753 1227 sed
774 1184 960 1226 eodem
976 1182 1155 1225 ordine
1170 1192 1272 1234 quo
1286 1181 1339 1222 in
1351 1181 1411 1222 V.
1434 1181 1612 1222 Insunt
1630 1182 1886 1233 praeterea
1907 1177 2092 1220 calculi
2111 1178 2349 1220 locorum
2365 1178 2528 1221 Lunae

378 1258 428 1297 et
447 1256 789 1308 planetarum,
812 1264 944 1306 quos
962 1263 1068 1294 non
1087 1251 1287 1305 praebet
1305 1251 1357 1292 E.
1383 1250 1644 1301 Quoniam
1665 1260 1787 1291 cum
1806 1247 1834 1289 4
1852 1247 1949 1290 illis
1969 1247 2103 1290 foliis
2122 1259 2281 1301 supra
2301 1259 2530 1291 comme-

378 1324 595 1366 moratis
619 1322 854 1365 fasciculi
878 1322 899 1363 Ι
925 1324 975 1364 01
1001 1321 1046 1362 ΙΙ
1072 1320 1197 1363 folia
1223 1319 1520 1363 contineant
1545 1318 1646 1369 264,
1673 1318 1830 1360 iidem
1855 1320 1988 1368 sunt,
2017 1328 2149 1370 quos
2169 1317 2531 1371 complectitur

379 1392 660 1436 Bartholini
679 1393 847 1435 codex
867 1391 1072 1444 quintus
1087 1390 1153 1432 ab
1167 1390 1275 1432 imo
1286 1392 1314 1439 ¹,
1335 1400 1492 1442 quem
1511 1387 1757 1430 habuisse
1771 1387 1841 1429 ait
1855 1387 1979 1430 folia
1992 1387 2077 1428 277
2091 1386 2335 1440 (quorum
2347 1386 2531 1429 ultima

383 1463 433 1505 13
460 1473 678 1505 vacasse
703 1460 955 1514 suspicari
980 1459 1117 1514 licet)
1145 1462 1195 1501 et
1223 1458 1474 1512 incepisse
1502 1458 1567 1500 ab
1596 1456 2046 1500 observationibus
2072 1456 2204 1500 Solis
2229 1456 2345 1499 Feb.
2373 1457 2445 1508 27,
2475 1460 2532 1499 ut

379 1533 462 1574 hic
484 1543 704 1585 quoque.

449 1602 591 1643 Fasc.
620 1601 705 1651 ΙΙΙ,
733 1600 838 1642 foll.
866 1597 1111 1649 261—478,
1139 1597 1368 1641 continet
1393 1597 1786 1640 observationes
1812 1607 2071 1639 annorum
2101 1594 2249 1647 1598,
2285 1595 2433 1647 1599,
2460 1608 2530 1639 111.

375 1672 402 1722 J
407 1684 488 1714 an.
515 1669 647 1712 1600
669 1670 958 1712 secundum
975 1668 1226 1722 temporis
1246 1667 1497 1710 ordinem.
1528 1667 1645 1710 Uno
1672 1669 1722 1709 et
1748 1667 1912 1709 altero
1938 1667 2056 1708 loco
2084 1668 2315 1708 erratum
2341 1669 2418 1709 est
2444 1669 2533 1708 aut

381 1740 572 1794 aliquid
599 1740 866 1782 omissum.
897 1739 1096 1781 Desunt
1120 1740 1387 1792 praecepta
1413 1737 1477 1779 de
1501 1736 1757 1779 solutione
1782 1735 2157 1790 triangulorum
2183 1747 2275 1789 per
2299 1735 2535 1789 prostha-

379 1809 655 1864 phaeresin‚
684 1820 802 1862 quae
829 1807 1029 1862 praebet
1054 1808 1222 1850 codex
1249 1806 1297 1848 H
1323 1807 1375 1848 in
1400 1806 1504 1849 foll.
1537 1805 1720 1856 15—26,
1751 1816 1919 1858 neque
1944 1805 2117 1848 insunt
2144 1804 2534 1848 observationes

381 1878 611 1921 Fabricii.
640 1879 698 1919 In
721 1878 828 1920 foll.
850 1876 1082 1919 341—344
1106 1876 1363 1919 invenitur
1385 1876 1606 1918 »Tabula
1624 1875 1906 1917 latitudinis
1930 1876 1977 1930 ὅ
2002 1886 2124 1917 cum
2149 1875 2255 1917 suis
2280 1874 2535 1928 scrupulis

380 1947 894 2002 proportionalibus«.
924 1946 1177 1988 Desinunt
1202 1946 1594 1988 observationes
1619 1945 1671 1987 in
1694 1945 1783 1988 fol.
1805 1944 1890 1987 463
1916 1945 1967 1987 in
1988 1945 2035 1999 d.
2057 1945 2085 1986 2
2105 1957 2173 1986 m.
2196 1944 2312 1987 Feb.
2336 1956 2382 1986 a.
2408 1944 2532 1987 1600.

382 2018 591 2071 Reliqua
601 2017 726 2060 folia
738 2016 945 2070 Kepleri
954 2028 1115 2058 manu
1126 2016 1320 2069 scripta
1333 2018 1465 2058 sunt.
1480 2014 1815 2057 Inveniuntur
1827 2015 2055 2069 primum
2069 2025 2240 2068 pauca
2255 2015 2536 2068 »Excerpta

384 2119 446 2129 ...
464 2099 495 2128 a
510 2087 579 2128 M.
596 2086 876 2129 Bacchatio
893 2085 1128 2138 Tychoni
1146 2085 1563 2127 communicata«
1586 2084 1763 2140 (etiam
1782 2084 1835 2126 in
1855 2084 1970 2127 cod.
1993 2084 2047 2140 Ι),
2070 2095 2132 2127 30
2154 2084 2339 2126 deinde
2358 2084 2410 2126 in
2430 2083 2534 2127 foll.

380 2156 611 2199 465—478
640 2156 1031 2199 observationes
1061 2155 1182 2197 anni
1214 2154 1324 2196 1600
1348 2157 1406 2196 ut
1429 2154 1483 2196 in
1507 2154 1614 2197 foll.
1643 2154 1710 2196 ad
1734 2153 1836 2205 463,
1866 2155 1959 2196 sed
1985 2165 2150 2207 usque
2179 2154 2247 2196 ad
2271 2154 2388 2197 Feb.
2416 2154 2464 2196 d.
2491 2154 2534 2196 3.

382 2226 676 2268 Fasciculus
697 2226 766 2267 ΙΙΙ
788 2224 1068 2267 Bartholini
1088 2227 1166 2267 est
1186 2224 1355 2267 codex
1375 2226 1589 2277 quartus
1610 2224 1675 2266 ab
1696 2224 1824 2275 imo;
1847 2223 2076 2266 continet
2094 2226 2151 2266 ut
2169 2223 2252 2266 ille
2272 2222 2395 2266 folia
2411 2223 2538 2266 218.²

453 2295 688 2337 Dubitari
713 2307 819 2338 non
843 2297 1028 2348 potest,
1057 2294 1180 2347 quin
1206 2293 1598 2336 observationes
1625 2304 1882 2336 annorum
1912 2293 2022 2335 1590
2048 2296 2098 2335 et
2128 2292 2237 2335 1593
2264 2292 2539 2347 descriptae

383 2367 483 2408 sint
503 2377 531 2407 e
551 2365 732 2408 codice
751 2365 818 2415 V;
846 2377 970 2406 nam
996 2365 1048 2406 in
1072 2364 1246 2417 priore
1273 2363 1483 2416 quidem
1509 2373 1647 2405 anno
1674 2362 1851 2405 omnia
1871 2365 2161 2416 congruunt
2179 2362 2249 2418 (in
2272 2361 2382 2404 1593
2401 2374 2539 2405 nunc

385 2435 559 2477 deficit
571 2435 649 2490 V).
670 2435 736 2476 At
756 2434 876 2476 anni
900 2433 1200 2484 1598—1600,
1221 2432 1310 2475 ubi
1327 2432 1579 2486 temporis
1599 2433 1729 2475 ordo
1747 2435 1956 2475 servata
1970 2435 2062 2483 est,
2083 2432 2193 2475 sine
2207 2431 2365 2475 dubio
2378 2435 2541 2475 trans-

385 2505 561 2558 scripti
580 2507 699 2546 sunt
718 2515 783 2546 ex
798 2503 846 2545 H
860 2507 911 2546 et
925 2504 960 2545 1.
983 2503 1129 2546 Idem
1148 2502 1387 2546 librarius
1408 2502 1800 2545 observationes
1820 2502 1942 2544 anni
1958 2501 2069 2544 1585
2083 2513 2111 2544 e
2126 2501 2308 2545 codice
2321 2501 2367 2544 V
2379 2504 2541 2545 trans-

385 2574 588 2627 scripsit
605 2574 656 2615 in
670 2574 907 2616 codicem
923 2574 986 2623 L;
1008 2584 1103 2616 nec
1123 2575 1302 2615 tamen
1321 2572 1460 2614 idem
1481 2575 1572 2622 est,
1594 2571 1678 2614 cui
1698 2572 1916 2614 debetur
1935 2572 2103 2614 codex
2116 2571 2174 2614 A.
2199 2571 2316 2614 Non
2334 2583 2542 2626 semper

386 2644 516 2686 fides
536 2644 583 2686 ei
602 2646 678 2686 est
698 2643 954 2685 habenda.
977 2642 1116 2685 Sitne
1135 2642 1187 2684 id
1208 2644 1401 2693 actum,
1422 2644 1479 2683 ut
1498 2652 1681 2684 omnes
1699 2641 1830 2683 tomi
1849 2641 2044 2684 codicis
2057 2641 2543 2684 Vtransscriberen-

386 2716 484 2764 tur,
504 2713 781 2756 nescimus.

603 2806 823 2848 CODEX
845 2805 884 2847 L
905 2826 959 2841 =
980 2806 1094 2847 Ant.
1116 2805 1240 2847 Coll.
1263 2805 1377 2858 Reg.
1403 2803 1514 2846 1829
1532 2803 1583 2845 in
1602 2803 1672 2854 4⁰,
1695 2804 1923 2847 continet
1943 2804 2334 2847 observationes

1125 2874 1491 2927 transscriptas
1511 2873 1633 2915 anni
1656 2873 1804 2916 1585.

458 2952 735 2994 Involucro
756 2951 1043 2994 recentiore
1063 2950 1278 2993 vestitus
1299 2952 1389 2992 est.
1412 2948 1553 2992 Folia
1572 2949 1801 2992 continet
1818 2949 1924 3000 214;
1947 2949 2134 2992 eadem
2148 2961 2309 2991 manu
2321 2947 2543 3002 scriptus

390 3025 482 3072 est,
504 3033 607 3075 qua
628 3022 796 3063 codex
817 3021 876 3063 K.
900 3021 1029 3063 Cum
1048 3020 1365 3073 ubicumque
1386 3019 1554 3062 codex
1568 3018 1605 3060 C
1622 3031 1653 3061 a
1669 3019 1850 3062 codice
1863 3019 1909 3061 V
1928 3019 2116 3070 differt,
2138 3018 2275 3061 hunc
2296 3020 2545 3071 sequatur

390 3091 558 3134 codex
579 3091 636 3142 L,
658 3102 723 3133 ex
742 3090 844 3133 1100
865 3090 1182 3143 descriptum
1202 3101 1324 3131 eum
1344 3099 1457 3131 esse
1477 3088 1743 3131 affirmare
1763 3088 1895 3131 licet.

462 3174 473 3198 1
493 3173 616 3217 Apud
635 3172 923 3208 Werlauffium
943 3171 986 3207 in
1007 3182 1171 3207 summa
1190 3183 1228 3216 p.
1248 3173 1304 3207 54.

459 3233 476 3256 2
497 3231 608 3266 Male
635 3230 745 3266 dedit
764 3230 965 3265 Werlauff
987 3231 1012 3265 1.
1033 3241 1064 3266 c.
1094 3230 1225 3265 »1593«
1253 3241 1327 3275 pro
1355 3231 1506 3270 »1598«;
1533 3229 1606 3264 sed
1631 3239 1740 3264 error
1764 3231 1825 3264 est
1847 3227 2086 3264 Bartholini.
2112 3228 2292 3270 Quartus
2317 3229 2378 3263 est
2401 3237 2544 3263 eorum

391 3289 594 3328 codicum,
614 3299 719 3334 quos
739 3288 854 3323 affert
874 3288 1070 3329 BUGGE,
1092 3288 1188 3324 Obs.
1200 3289 1312 3324 Astr.
1334 3300 1371 3333 p.
1391 3289 1514 3328 XVII,
1535 3287 1606 3333 qui
1626 3288 1734 3323 male
1754 3286 1865 3323 dedit
1886 3286 2168 3331 »eomputatio
2187 3284 2542 3322 observationum«

391 3358 464 3393 pro
488 3346 847 3383 »Observationes«
870 3348 908 3383 et
931 3347 1063 3383 »1589«
1085 3357 1159 3392 pro
1183 3347 1329 3382 »1599«.
