2690 4178
352 336 428 385 VI
887 332 1541 397 PROLEGOMENA
1568 331 1962 382 EDITORIS

419 470 484 511 At
502 470 598 512 has
619 470 1007 512 observationes
1021 468 1205 511 edendi
1221 479 1372 510 mora
1386 467 1479 510 fuit
1493 468 1686 510 bellum
1701 466 1976 510 Suecicum
1989 467 2354 521 perniciosum.
2370 469 2495 512 Tan-

351 541 472 582 dem
491 550 617 582 vero
639 551 684 581 a.
710 539 819 582 1664
839 551 969 593 opus
983 539 1245 592 inceptum
1259 541 1337 580 est
1350 540 1400 579 et
1413 537 1675 579 ERASMO
1691 535 2118 579 BARTHOLINO
2134 538 2492 589 commissum,

357 609 443 662 qui
461 609 541 651 vir
559 608 744 651 doctus
767 610 996 651 maxime
1018 608 1135 650 inde
1161 610 1312 650 notus
1339 610 1430 657 est,
1458 607 1598 659 quod
1616 606 1669 648 in
1688 606 1936 659 crystallo
1957 605 2214 649 Islandico
2235 607 2494 661 duplicem

350 678 716 721 refractionem
736 689 989 731 apparere
1008 677 1237 719 invenit.¹
1262 676 1395 719 Huic
1415 676 1463 718 d.
1479 675 1537 718 20
1557 688 1626 718 m.
1641 675 1669 726 J
1671 675 1777 717 unii
1797 687 1842 717 a.
1869 674 1979 717 1664
1999 675 2143 729 Regis
2156 676 2304 730 jussu
2322 678 2497 720 traditi

350 751 469 789 sunt
488 759 670 790 omnes
689 748 803 789 libri
823 751 978 800 atque
997 746 1245 797 fasciculi,
1274 757 1404 800 quos
1425 748 1670 799 acceptos
1689 744 1784 787 rite
1805 746 2024 786 testatus
2049 747 2140 796 est,
2169 757 2292 788 cum
2315 759 2496 789 unum-

351 828 609 870 quemque
629 817 753 859 satis
773 817 967 858 minute
988 816 1302 859 describeret
1316 827 1377 858 ac
1394 815 1642 865 definiret,
1663 814 1735 856 ita
1748 817 1805 856 ut
1817 813 1966 856 nobis
1979 813 2133 856 facile
2146 814 2299 857 fuerit
2313 826 2496 859 omnes

352 888 673 939 agnoscere.²
700 887 828 928 Cum
848 897 974 928 vero
994 887 1293 939 exemplum
1318 885 1370 927 in
1394 896 1549 926 usum
1567 883 2016 938 typographorum
2037 884 2297 928 conficere
2317 885 2497 939 coepis-

350 958 441 1005 set,
463 955 652 997 certior
671 955 840 997 factus
860 959 937 998 est
956 956 1020 997 de
1039 966 1178 997 nova
1196 955 1282 996 illa
1301 952 1538 996 Historia
1562 952 1796 1005 Coelesti,
1818 965 1979 1006 quam
1999 964 2121 996 cum
2140 957 2325 997 nactus
2345 958 2494 1006 esset,

351 1024 739 1067 observationes
769 1025 889 1067 anni
922 1024 1031 1067 1582
1059 1025 1158 1067 illic
1188 1024 1352 1067 editas
1379 1035 1500 1066 cum
1525 1022 1667 1065 libris
1693 1034 1853 1065 manu
1877 1022 2080 1076 scriptis
2107 1027 2353 1067 accurate
2378 1036 2498 1067 con-

349 1094 461 1135 tulit
480 1096 531 1135 et
547 1093 949 1136 innumerabiles
969 1094 1125 1136 Curtii
1145 1105 1348 1136 errores
1368 1092 1719 1146 deprehendit.
1748 1092 2090 1134 Collationem
2114 1104 2268 1136 suam
2291 1094 2497 1147 publice

350 1166 530 1205 notam
556 1163 775 1205 reddidit
799 1163 986 1214 libello,
1015 1163 1100 1217 qui
1119 1162 1412 1206 inscribitur
1432 1161 1724 1215 specimen
1744 1161 2125 1214 recognitionis
2144 1172 2320 1215 nuper
2334 1162 2496 1206 edita·

349 1242 463 1274 rum
495 1231 925 1275 observationum
958 1231 1434 1275 astronomicarum
1469 1231 1742 1285 Tychonis
1768 1231 1950 1273 Brahe
1979 1234 2030 1274 et
2056 1232 2246 1286 prodiit
2274 1232 2497 1280 Hauniae

350 1314 395 1343 a.
422 1301 571 1344 1668.³
598 1302 763 1356 Hujus
789 1303 956 1352 libelli,
985 1302 1071 1356 qui
1095 1302 1152 1344 48
1176 1302 1390 1356 paginas
1416 1301 1644 1344 continet
1668 1301 1720 1343 in
1738 1300 1808 1351 4⁰,
1836 1301 2044 1343 collatio
2069 1301 2184 1355 ipsa
2208 1302 2422 1356 paginas
2440 1302 2498 1345 36

347 1371 540 1424 implet.
567 1372 862 1424 Antequam
887 1372 1030 1414 illam
1057 1371 1360 1426 aggreditur,
1389 1372 1453 1414 de
1478 1371 1617 1414 libris
1640 1382 1802 1413 manu
1821 1370 2024 1424 scriptis
2045 1371 2428 1415 Hauniensibus
2448 1375 2498 1415 et

348 1441 412 1482 de
432 1452 585 1491 nova,
608 1453 766 1494 quam
785 1442 1088 1492 instituerat,
1110 1441 1331 1484 editione
1350 1441 1608 1484 rationem
1629 1441 1718 1483 dat
1737 1441 2077 1484 Bartholinus.
2189 1490 2192 1494 ,

418 1509 533 1552 Hac
553 1511 849 1564 prolusione
867 1514 1096 1565 peracta,
1125 1511 1358 1554 omnium
1379 1521 1638 1553 annorum
1659 1510 2066 1561 observationes,
2095 1522 2225 1564 quas
2245 1511 2386 1554 dedit
2403 1510 2499 1553 Hi-

346 1578 511 1621 storia
544 1578 809 1631 Coelestis,
840 1592 962 1623 cum
990 1580 1131 1623 libris
1159 1593 1319 1623 manu
1346 1580 1548 1634 scriptis
1577 1579 1793 1623 contulit
1823 1581 1874 1622 et
1903 1579 1955 1621 in
1985 1591 2138 1622 suum
2166 1580 2298 1623 illius
2328 1581 2498 1634 operis

347 1650 669 1702 exemplum⁴
695 1661 878 1693 omnes
903 1649 1292 1704 discrepantias,
1321 1662 1439 1704 quae
1465 1650 1675 1703 quidem
1701 1649 1917 1703 aliquus
1940 1649 2192 1692 momenti
2212 1653 2397 1701 essent,
2424 1662 2499 1693 re-

345 1718 471 1760 tulit.
500 1719 770 1761 Annorum
795 1731 922 1762 vero
954 1719 1195 1771 1563-80‚
1226 1719 1374 1771 1583⁵,
1410 1720 1519 1762 1593
1544 1719 1677 1762 sicut
1703 1730 1886 1762 omnes
1907 1722 2237 1762 cometarum
2257 1719 2500 1762 observa·

344 1787 511 1830 tiones
541 1799 603 1830 ac
631 1791 887 1841 praeterea
915 1792 1089 1843 partes
1119 1789 1376 1843 quasdam
1402 1791 1643 1844 majores,
1675 1801 1805 1843 quas
1830 1789 2237 1843 praetermiserat
2260 1788 2498 1832 Historia

349 1855 614 1908 CoelestIS,
653 1858 702 1899 in
742 1858 931 1900 librum
962 1862 1288 1912 separatum⁶
1319 1860 1504 1901 retulit.
1545 1860 1618 1901 Ex
1648 1859 1727 1901 his
1760 1859 1980 1912 denique
2011 1869 2135 1901 cum
2165 1859 2307 1901 libris
2337 1871 2499 1901 manu

345 1926 547 1980 scriptis
573 1927 837 1981 diligenter
861 1928 1062 1971 collatis
1089 1939 1272 1971 omnes
1299 1928 1690 1972 observationes
1715 1929 1767 1971 in
1793 1929 2093 1982 exemplum
2117 1928 2409 1982 perfectum
2429 1932 2500 1971 at-

346 2007 445 2049 que
478 1997 776 2039 absolutum
807 1998 1162 2052 transscriptae
1193 2002 1326 2049 sunt,
1360 1999 1500 2052 quod
1530 1997 1870 2052 typographis
1900 1998 2226 2040 reddendum
2257 2001 2383 2041 erat.
2419 1999 2500 2041 Ad

343 2065 460 2107 haec
482 2067 659 2108 omnia
679 2068 901 2108 multum
917 2067 1168 2121 temporis
1182 2070 1552 2121 consumptum
1567 2079 1679 2110 esse
1692 2067 1846 2110 facile
1859 2067 2178 2121 intellegitur,
2200 2067 2292 2110 sed
2305 2070 2499 2121 praesto

343 2138 456 2176 erat
469 2135 767 2179 Bartholino
781 2136 907 2179 satis
921 2136 1173 2189 pecuniae,
1193 2139 1243 2179 et
1256 2137 1630 2180 adulescentuli
1642 2136 1933 2179 litterarum
1946 2136 2163 2180 studiosi
2175 2148 2267 2180 sex
2282 2148 2501 2191 operam

343 2204 540 2246 dabant
568 2205 1018 2248 observationibus
1047 2206 1399 2249 describendis
1429 2209 1585 2260 atque
1613 2206 1962 2258 conferendis3
1995 2206 2500 2260 praecipuus.autem

345 2274 550 2328 adjutor
563 2275 671 2328 ejus
685 2278 798 2317 erat
811 2275 1034 2319 OLAUS
1050 2275 1310 2327 ROEMER,
1333 2276 1419 2329 qui
1432 2279 1615 2330 postea
1634 2275 1805 2319 factus
1825 2279 1903 2319 est
1922 2279 2260 2319 astronomus.
2274 2276 2498 2331 insignis.

342 2344 423 2387 Ad
453 2344 614 2387 finem
646 2345 767 2387 anni
801 2344 911 2387 1668
941 2357 1035 2399 per
1064 2347 1374 2400 popularem
1406 2346 1668 2400 quendam
1701 2346 1797 2388 iter
1827 2345 2107 2389 facientem
2137 2346 2501 2400 inquirendum

344 2414 562 2465 curavit,
595 2415 814 2457 velletne
844 2415 1201 2470 typographus
1232 2417 1520 2469 praeclarus
1552 2415 1811 2458 Iohannes
1843 2416 2014 2467 Blaev,
2054 2415 2201 2470 qu’us
2231 2418 2380 2470 pater
2409 2427 2502 2470 per

343 2483 573 2526 hiemem
593 2484 712 2526 anni
737 2484 964 2527 1595—96
980 2485 1291 2540 Uraniburgi
1304 2488 1664 2528 commoratus
1685 2488 1812 2537 erat,
1835 2485 2227 2529 observationes
2245 2485 2383 2539 typis
2395 2485 2501 2528 suis

344 2553 651 2596 describere.
693 2554 845 2605 Quod
878 2555 961 2597 ille
993 2555 1135 2597 haud
1165 2555 1323 2597 invite
1353 2555 1588 2598 facturus
1620 2567 1733 2598 esse
1764 2555 2054 2607 videbatur,
2093 2556 2185 2598 sed
2217 2558 2501 2609 antequam

415 2637 425 2661 ¹
449 2636 839 2677 BARTHOLINUS,
856 2636 926 2682 qui
941 2647 976 2672 a.
994 2638 1083 2672 1625
1096 2640 1217 2673 natus
1231 2640 1269 2673 et
1286 2638 1375 2673 1698
1388 2640 1574 2673 mortuus
1589 2640 1659 2679 est,
1674 2637 1802 2673 edidit
1814 2649 1849 2673 a.
1865 2638 1953 2673 1669
1965 2637 2166 2678 libellum,
2181 2637 2253 2683 qui
2267 2636 2502 2674 inscribitur

343 2694 640 2738 Experimenta
661 2696 851 2739 crystalli
869 2695 1069 2731 IslandIci
1087 2696 1395 2731 disdiaclastici.
1421 2714 1467 2719 —
1493 2696 1597 2738 Quae
1623 2696 1673 2731 de
1697 2707 1820 2740 opera
1839 2695 1931 2740 ejus
1951 2695 2019 2732 hic
2039 2695 2311 2740 disputantur,
2337 2698 2501 2740 sumpta

344 2754 440 2786 sunt
459 2763 505 2787 ex
524 2751 655 2796 ipsius
675 2752 883 2794 relatione,
903 2765 1029 2798 quam
1049 2754 1092 2788 in
1112 2754 1217 2789 libro
1237 2764 1365 2789 manu
1386 2753 1536 2798 scripto
1557 2754 1794 2790 Hauniensi
1808 2755 1899 2789 Ant.
1914 2754 2016 2790 Coll.
2032 2755 2125 2799 Reg.
2138 2754 2208 2790 310
2227 2753 2271 2789 in
2290 2754 2358 2789 fol.
2379 2753 2500 2795 dedit,

343 2812 381 2844 et
399 2820 422 2844 e
440 2809 546 2845 libro
568 2811 609 2845 E.
630 2811 674 2846 C.
694 2811 1024 2847 WERLAUFFII
1051 2813 1289 2848 Historiske
1315 2812 1644 2857 Esterretninger
1664 2823 1732 2847 om
1759 2814 1829 2847 det
1850 2815 1961 2848 stote
1984 2812 2211 2857 &ongeIige
2229 2812 2469 2847 Bibliothek
2485 2813 2503 2847 i

342 2868 622 2904 Kiobenlzavn
643 2869 691 2911 (2.
712 2870 773 2904 ed.
795 2869 978 2905 Hauniae
1002 2871 1118 2913 1844).

412 2927 429 2951 2
450 2926 676 2963 Bartholini
702 2927 857 2972 accepti
882 2927 1079 2964 lationem
1105 2928 1315 2973 exscripsit
1340 2928 1541 2963 Werlauff
1563 2940 1599 2973 p.
1621 2929 1666 2964 53
1686 2939 1744 2973 sq.
1765 2928 1806 2964 Si
1832 2927 2009 2973 excipias
2035 2938 2168 2963 unum
2193 2927 2345 2963 librum
2372 2927 2415 2963 in
2440 2929 2499 2968 8⁰.

298 2993 302 2996 ’
343 2983 414 3029 qui
440 2984 747 3020 observationes
773 2985 975 3022 continuit
1001 2997 1206 3022 annorum
1235 2987 1428 3027 1563-74.
1454 2986 1528 3022 sed
1553 2986 1709 3022 infelici
1734 2996 1834 3022 casu
1854 2985 1983 3030 periit,
2008 2985 2207 3021 omnibus
2226 2984 2342 3021 libris
2362 2996 2387 3021 a
2407 2986 2499 3021 Bar-

341 3043 502 3079 tholino
522 3044 852 3080 commemoratis
873 3045 926 3080 ad
946 3045 1055 3081 hanc
1074 3044 1297 3080 editionem
1318 3043 1621 3080 conficiendam
1642 3044 1708 3080 usi
1728 3055 1886 3080 sumus.

411 3102 427 3127 ³
449 3102 510 3136 De
529 3101 610 3138 hoc
629 3101 770 3138 libello
792 3102 839 3139 cf.
861 3103 1157 3138 KAESTNERI
1180 3102 1432 3138 Geschichte
1451 3104 1526 3138 der
1540 3103 1819 3138 Mathematik
1838 3103 1875 3138 11
1895 3113 1933 3147 p.
1952 3103 2032 3138 656.

411 3161 427 3185 4
448 3159 640 3195 Divisum
660 3163 744 3196 erat
763 3160 806 3195 in
825 3163 959 3196 tomos
980 3161 1097 3202 duos,
1117 3160 1189 3206 qui
1209 3171 1322 3196 nunc
1342 3163 1439 3195 sunt
1459 3160 1726 3196 Haunienses
1745 3162 1836 3196 Ant.
1856 3160 1959 3197 Coll.
1981 3160 2073 3205 Reg.
2094 3160 2279 3195 308—309
2299 3159 2342 3195 in
2361 3160 2429 3195 fol.

411 3219 428 3243 ⁵
448 3217 585 3260 Quare
610 3218 895 3262 praetermissae
921 3219 1003 3254 sint
1028 3218 1128 3254 anni
1156 3219 1240 3254 1581
1270 3218 1589 3260 observationes,
1618 3230 1711 3265 quoe
1737 3219 1887 3255 desunt
1911 3219 2109 3254 Historia
2138 3217 2321 3259 Coelesti,
2351 3217 2501 3254 additis

342 3286 415 3320 pro
435 3275 518 3311 illis
538 3277 639 3312 anni
664 3278 751 3312 1583
770 3276 1139 3318 observationibus,
1159 3288 1253 3322 quae
1273 3276 1358 3312 illic
1378 3275 1655 3318 inveniuntur,
1675 3277 1875 3322 explicare
1895 3286 1981 3312 non
2000 3286 2236 3321 possumus.

416 3337 432 3360 ⁶
453 3335 533 3371 Hic
553 3338 613 3370 est
633 3334 892 3371 Hauniensis
913 3335 1037 3372 codex
1055 3336 1147 3370 Ant.
1164 3335 1268 3371 Coll.
1289 3335 1380 3380 Reg.
1401 3335 1470 3370 310
1489 3334 1533 3370 in
1552 3335 1620 3371 fol.
